3117 4842
367 491 442 572 232
725 459 1003 570 JOB!

373 607 542 693 suspiraret
560 604 680 692 opem?
700 604 753 672 sed
770 621 823 670 me
845 619 915 672 turn
930 605 1072 691 prospera
1087 603 1201 674 cunda

375 695 557 780 Sperantcm
572 689 697 758 adversa
713 691 881 774 excipiunt,
901 694 1070 773 lucemque
1085 693 1219 757 tenebrae

375 777 529 864 Eripiunt,
548 789 714 862 regnatque
735 773 803 836 imo
818 774 875 839 sub
891 772 1027 857 pedore,
1047 780 1139 841 nullo

377 862 468 947 Fine,
489 863 596 928 dolor:
617 857 741 942 nigrum
755 855 830 921 solis
849 880 915 925 non
931 858 1065 923 reddidit
1083 860 1187 927 ardor.

377 945 546 1022 Auscultat
567 939 678 1030 magni
696 945 888 1008 clamantem
902 943 1019 1007 concio
1034 952 1127 1025 voce,

376 1029 575 1109 Miraturque
592 1044 689 1090 novas
711 1044 819 1109 voces,
839 1029 977 1092 lamenta
991 1025 1149 1108 draconis,

378 1111 447 1188 Aut
462 1117 569 1194 quales
585 1123 702 1175 vacuos
717 1124 810 1176 terret
826 1109 904 1176 cium
915 1109 1041 1187 struthio
1058 1128 1187 1192 campos
1202 1121 1219 1176 ε·

258 1275 262 1285 Ι
378 1195 522 1270 Decolor
538 1213 615 1258 ecce
632 1213 708 1259 cato
727 1191 779 1276 est,
805 1195 973 1276 calidoque
990 1194 1131 1260 exestuat
1146 1194 1229 1258 intus

379 1278 504 1346 Ardens
516 1297 570 1348 ote
586 1296 694 1360 vapor,
715 1279 909 1364 cytharaeque
928 1281 958 1345 ἀ
975 1278 1079 1342 nablia
1095 1293 1224 1342 cantum

379 1361 547 1442 Mutitunt
562 1361 712 1445 lacrimis,
733 1364 764 1450 §t
783 1363 857 1430 fletu
872 1359 998 1446 petrum
1013 1363 1145 1444 pulsant.

510 1557 512 1568 '
604 1585 640 1666 c
681 1525 737 1667 ‘A
794 1585 838 1664 Ρ.
923 1582 1093 1674 xxxa

382 1775 479 1938 IPse
496 1797 555 1864 ego
572 1797 649 1846 cum
660 1777 788 1860 propriis
801 1776 964 1858 quondam
980 1775 1050 1841 sum
1068 1773 1176 1860 paclus
1193 1776 1324 1866 ocellis,

443 1861 626 1946 Accepique
646 1861 754 1944 fidem,
775 1881 815 1924 ne
832 1880 884 1924 me
898 1877 999 1926 ureret
1018 1863 1086 1924 ulla
1102 1859 1240 1928 videndo

383 1947 525 2030 Femina,
545 1946 737 2012 &arcanum
753 1946 841 2028 virgo
856 1944 981 2027 spiraret
996 1962 1160 2010 amorem:
1201 1955 1205 1970 '

382 2029 476 2097 Nam
492 2051 560 2113 quar
570 2031 636 2112 spes
654 2030 742 2094 nobis
759 2028 874 2112 superis
891 2029 1013 2094 restaret
1028 2028 1062 2092 in
1081 2027 1159 2112 oris,

383 2115 418 2182 si
434 2114 498 2180 vitii
514 2113 644 2180 [celaret
663 2115 728 2195 iter,
750 2112 836 2193 quod
854 2113 975 2180 tramite
993 2113 1079 2178 vasto

383 2195 487 2276 Ducit
501 2198 542 2263 ad
560 2196 705 2281 infernas,
727 2196 875 2279 pallentia
890 2216 995 2284 regna,
1011 2197 1178 2264 tenebras?

385 2282 473 2350 Ante
491 2289 616 2363 oculos,
634 2299 717 2366 patet
728 2283 829 2349 alme!
850 2295 921 2351 tuot
939 2281 1047 2353 nostru
1065 2282 1165 2348 orbita
1179 2279 1252 2354 vita

385 2363 475 2434 Tota
490 2383 582 2455 patet,
604 2371 691 2436 binae
710 2383 833 2450 aequato
849 2367 989 2440 examine
1005 2368 1113 2438 lances

386 2452 486 2519 Sume
502 2471 609 2532 manu,
630 2471 696 2530 quo
712 2451 743 2512 se
760 2449 885 2514 sceleris
904 2450 1051 2531 contagio
1061 2447 1154 2514 nostri

386 2533 562 2616 Deprimat,
577 2535 720 2598 innocua
734 2545 861 2613 vergant
884 2548 951 2609 quo
967 2530 1103 2612 pondera
1117 2531 1200 2597 vite.

389 2619 422 2684 si
440 2635 491 2680 me
508 2615 662 2697 perversos
682 2615 792 2696 calles,
812 2612 960 2696 oculique
975 2612 1143 2694 sequutum

389 2702 555 2768 illecebras
580 2704 691 2784 patula
707 2696 906 2763 macullrnut
923 2716 1054 2764 munera
1069 2697 1207 2777 dextrae;

389 2780 486 2850 Tunc
505 2803 699 2865 quecunque
715 2783 799 2867 seges
819 2781 927 2848 nostris
945 2782 1095 2849 adolescit
1115 2784 1211 2857 aristis
1265 2809 1270 2816 ·

343 2896 348 2903 ·
389 2867 452 2934 Me
467 2866 576 2965 fugiat,
598 2869 748 2948 cedatque
765 2867 856 2936 novis
873 2867 1052 2949 transcripta
1068 2868 1206 2942 colonis,

279 2977 281 2984 ’
391 2953 425 3020 Si
437 2971 586 3034 cuiquam
603 2953 715 3018 infidiis
744 2951 849 3020 obsedi
871 2953 969 3026 limen
986 2965 1094 3023 amatae

389 3035 558 3119 conjugis,
572 3053 626 3101 aut
642 3035 737 3101 casias
753 3035 868 3100 violavi
886 3036 1018 3102 crimino
1031 3034 1136 3118 tedas,

391 3119 533 3184 Crimine
545 3141 610 3202 quo
626 3123 751 3184 nullum
768 3119 861 3183 saevas
877 3117 969 3204 mage
988 3120 1126 3184 concitat
1142 3120 1204 3190 iras.

391 3203 524 3354 pudicis,
543 3217 636 3284 atque
652 3203 714 3266 imi
734 3207 897 3284 populatur
910 3203 982 3277 sede
997 3218 1138 3284 poetes:

420 3309 452 3350 er
469 3303 519 3350 me
530 3290 618 3358 nulla
634 3303 723 3353 mora
740 3286 793 3368 eil,
816 3286 908 3360 nostr-i
926 3287 1002 3368 quin
1017 3285 1138 3352 foedera
1155 3287 1228 3362 letti

391 3371 530 3452 Polluat,
547 3373 696 3438 &mollis
718 3371 820 3452 stupro
836 3370 868 3436 se
882 3369 979 3454 jactet
997 3371 1130 3436 adulter.

393 3453 474 3520 Non
487 3477 545 3538 ego
560 3455 682 3540 judicio
696 3453 834 3528 famulos
854 3455 990 3529 crudelis
1008 3457 1122 3521 acerbo

393 3537 544 3620 Opprcffi,
568 3553 690 3604 memor
707 3556 741 3606 ut
754 3537 872 3624 fragilis
890 3540 1068 3621 conceperit
1084 3544 1159 3604 ulva

391 3623 575 3700 Humanam
589 3623 734 3710 effigiem,
755 3623 786 3692 dt
803 3625 907 3688 similis
924 3621 1091 3706 primordia
1101 3623 1190 3700 vita,

393 3707 446 3774 Sic
465 3705 495 3768 se
510 3707 676 3790 propitium
693 3708 807 3773 suunmi
826 3707 992 3772 clementia
1008 3707 1099 3786 patris

392 3789 538 3868 Praebeat,
558 3789 681 3856 excelsa
700 3790 777 3865 cuim
795 3790 951 3872 majestate
966 3789 1099 3853 tribunal

393 3875 513 3964 Judicis
529 3873 674 3958 ingressus
691 3874 811 3938 trutinae
831 3873 1044 3938 moderamine
1059 3868 1150 3938 rede

394 3959 449 4025 Ur
459 3957 590 4042 ,eurique
606 3956 877 4037 hominumvitas,
898 3956 1068 4039 &premia
1091 3969 1199 4041 ponet.

386 4039 422 4130 ti
440 3981 506 4126 itta
521 4042 690 4143 pauperies,
704 4041 841 4122 politam
854 4040 1011 4132 indignata
1025 4042 1197 4140 repulsae,

1345 614 1364 674 “r

1321 4125 1375 4215 iu*
