3117 4842
261 321 263 330 ¹
368 399 449 496 '4¹²
599 366 1114 460 recursuum

440 527 530 602 cum
545 527 641 618 Regi,
656 529 827 629 pariterque
843 521 932 614 Deo,
951 548 1057 614 perere
1074 528 1197 615 licebit,

440 619 553 703 Regna
569 635 628 681 nec
646 614 766 680 aetberio
783 628 919 700 pugnant
935 613 1093 698 pereuntia
1111 633 1220 698 regno.

401 701 425 774 6
445 701 527 769 Non
543 716 647 766 tamen
665 699 761 782 usque
777 698 860 764 adeb
875 699 971 764 duros
987 697 1133 780 sapientia
1149 698 1242 763 casus

446 785 577 872 Effugit,
592 799 623 848 at
640 783 758 848 misere
769 783 990 866 ,patitur‘mala
1007 782 1142 866 plurima
1158 782 1241 848 vitu.

405 887 426 956 7
483 871 571 954 uippe
581 881 689 932 eventa
704 869 802 932 latent
816 867 916 933 denfis
933 864 1050 933 obsessa
1067 867 1218 932 tenebris:

386 1007 389 1025 ,
486 953 567 1018 eseia
579 969 669 1018 mens
686 951 853 1018 huminum
871 950 939 1035 sati,
957 949 1109 1032 sortisque
1124 949 1252 1032 sutura,

447 1037 508 1105 Per
523 1055 669 1120 preceps,
688 1055 741 1118 per
758 1051 861 1120 acuta,
881 1037 953 1118 ruit,
973 1033 1187 1099 moderamine
1201 1038 1308 1119 nullo,
1455 1078 1457 1118 ,

447 1119 522 1188 Nec
539 1135 670 1184 ventura
685 1121 789 1201 ¹nculip
806 1120 886 1204 potis
901 1120 944 1184 est
960 1119 1132 1186 discernere
1150 1119 1173 1182 li
1194 1119 1263 1201 pis:

394 1243 397 1250 ·
445 1201 668 1294 Ecquls'enitn
688 1207 791 1270 valeat
805 1205 897 1269 certis
913 1203 1079 1289 predicere
1098 1137 1195 1288 figuli
1455 1130 1457 1285 l

408 1362 431 1434 8
450 1282 531 1442 ἓξὲξ
545 1279 1370 1456 afflig{tatffiltduldlt'tisswpaffiesdgenossr’ridifficitt

449 1457 563 1607 Elone
578 1459 645 1542 pari
658 1457 783 1542 rapitur,
804 1456 957 1538 smilique
974 1454 1164 1522 occumbere
1179 1453 1272 1540 fatu,¹

452 1538 1251 1709 rtlltiltllt‘tlitltlibili-‘itu

454 1675 807 1796 Augustas,'tenuesque
822 1708 920 1791 casas,
935 1707 1113 1774 discrimine
1130 1713 1235 1790 nullo,

454 1791 579 1860 Pallida
594 1811 680 1858 mors
711 1797 830 1878 opulat,
849 1811 936 1859 mors
951 1793 1069 1876 sceptra
1085 1792 1243 1878 ligonibus
1255 1805 1365 1874 equat:

457 1875 561 1960 Copia
578 1882 666 1944 nulla
682 1813 784 1970 giges
801 1879 859 1943 nec
878 1879 960 1970 figna
976 1877 1152 1958 relinquere
1170 1875 1219 1942 fas
1235 1877 1289 1960 est,
1438 1936 1457 1965 Ι,

455 1963 603 2030 necubi
619 1964 849 2030 bellaverunt:
868 1960 986 2050 fraudis
1006 1961 1226 2049 scelerumque
1236 1957 1367 2050 ministri,

458 2043 620 2128 Nequitia
637 2047 690 2129 qui
708 2046 822 2140 cundia
836 2046 899 2113 suae
917 2045 986 2141 sore
995 2043 1267 2140 pronq'putabant,
1456 2100 1457 2127 ,

458 2127 543 2196 Non
559 2145 663 2224 tamen
678 2131 805 2204 eludent
820 2131 909 2218 rigidi
925 2149 978 2216 Jus
993 2130 1078 2201 triste
1090 2129 1238 2218 sepulcri,
1260 2148 1263 2155 ·
1456 2164 1457 2223 p

459 2212 553 2283 Retia
569 2213 711 2293 tetribilis
727 2220 886 2300 nequeunt
901 2214 1031 2279 evadere
1047 2213 1168 2283 mortis.
1229 2219 1233 2228 ’
1456 2244 1457 2253 1

417 2311 443 2380 9
461 2300 541 2368 Huc
558 2319 618 2386 ego
633 2299 881 2372 rimando'uitidi
896 2297 953 2367 sub
970 2299 1090 2372 lumine
1104 2297 1179 2371 solis

461 2382 582 2450 Omnia
597 2384 752 2469 perspexi:
772 2382 906 2483 persepi
922 2384 962 2450 ad
979 2383 1123 2455 culmina
1140 2399 1246 2450 rerum

460 2467 585 2550 injustis
601 2467 727 2552 crevisse
742 2467 852 2539 datur:
877 2468 986 2552 rapiun
1022 2488 1061 2532 ue
1075 2465 1179 2538 ferunt
1201 2487 1241 2532 ue

462 2555 633 2636 Innocuos,
647 2550 794 2644 ferreque
809 2549 985 2620 necantucl
1042 2551 1127 2641 ,ude3
1147 2487 1200 2620 sed
1217 2552 1293 2638 illos

463 2635 603 2704 Eritium
620 2637 748 2702 crudele
763 2651 888 2706 manet:
913 2638 1069 2704 tolluntur
1087 2636 1120 2701 ln
1135 2635 1236 2722 altum

402 2735 444 2802 po
465 2721 518 2786 Ut
532 2703 620 2805 lapsu
635 2723 774 2820 gravipre
796 2736 896 2788 ruant.
927 2719 1065 2817 Persaepfe
1079 2720 1212 2810 tribunal

465 2806 584 2888 Impius
596 2805 766 2890 adscendrt,
782 2807 868 2887 quod
886 2805 1009 2890 asylum
1025 2807 1121 2870 dulce
1136 2799 1261 2892 piorum

464 2887 626 2958 Debuerat
645 2890 732 2958 fieri:
752 2891 828 2956 t'unc
842 2891 874 2955 vi
891 2890 969 2976 gerit
984 2891 1091 2956 omnia
1102 2887 1220 2971 passim,

242 2982 255 3002 ¹
328 2973 329 2999 ³
460 2971 753 3056 commaculatque
771 2975 861 3038 suam
874 2974 1029 3058 justorum
1051 2973 1197 3060 sanguine
1214 2971 1366 3061 dextraml

466 3054 533 3120 Sub
549 3059 676 3137 pedibus
693 3059 745 3140 jus
762 3057 870 3139 fasque
879 3057 992 3140 premit
1005 3057 1165 3147 violentia,
1184 3056 1287 3145 duncc

466 3137 627 3207 Lethiserl
644 3159 730 3207 mors
746 3155 811 3226 atre
822 3159 919 3228 mann
935 3142 996 3205 fine
1012 3142 1074 3214 tine
1089 3139 1244 3211 furentem

468 3223 635 3308 Corripiat,
656 3223 827 3307 scelerique
842 3225 975 3290 mudum
988 3226 1033 3292 stc‘
1046 3239 1162 3310 ponat:
1183 3222 1215 3290 ut
1230 3224 1286 3288 ille

469 3308 615 3376 Protinus
634 3311 761 3412 aeternis‘,
776 3307 843 3375 fato
860 3310 1006 3394 rapiente,
1031 3304 1166 3398 tenebris

400 3399 406 3408 “
471 3393 635 3476 Obruitur,
650 3398 806 3480 longaque
820 3394 906 3480 jacet
920 3395 976 3462 sub
994 3395 1086 3474 nuile
1101 3393 1249 3478 sepultus,
1287 3415 1290 3419 ·

470 3474 631 3544 Turbatur
646 3481 746 3565 gravis
761 3481 825 3544 ille
830 3481 927 3564 jacet,
946 3484 1048 3562 quem
1059 3477 1174 3566 cundia
1188 3479 1370 3546 tremebant:

398 3601 403 3608 ·
472 3561 506 3627 O
523 3562 642 3640 servare
658 3566 792 3632 mudum
808 3562 1110 3652 dominandi'i'gna'ra
1119 3561 1236 3646 cupido
1252 3566 1261 3629 l

472 3645 507 3726 Ο
524 3650 621 3713 vana!
645 3647 796 3734 bfragilis
813 3646 944 3730 perituri
953 3651 1054 3732 gloria
1068 3647 1201 3732 sceptri!

412 3744 449 3800 lt
474 3727 604 3814 Nempe
617 3733 704 3814 qubd
717 3732 797 3798 haud
807 3731 910 3813 subiti)
925 3735 1052 3814 culpam
1067 3731 1122 3796 sua
1134 3750 1229 3815 poenu
1245 3729 1370 3814 co'e‘rctt,

472 3815 598 3896 Justitiae
608 3817 694 3898 qubd
708 3818 789 3902 figna
802 3815 863 3880 suae
878 3813 1044 3896 plectendo
1061 3815 1209 3882 scelestos
1366 3815 1369 3831 ²

470 3900 556 3967 Rara
572 3903 625 3966 d'at
639 3901 836 3982 omnipotens
852 3899 958 3985 magni
973 3895 1165 3966 Dominator
1183 3896 1334 3982 Olympi:

277 3991 281 3998 '
413 3996 435 4058 Q
471 3981 635 4080 i'topterea
649 4003 724 4073 gens
746 4001 832 4077 caea
852 3983 1018 4079 humipuqr
1031 3984 1190 4072 violenter
1208 3985 1242 4053 iu
1257 3993 1372 4161 ‹pffil

388 4103 394 4116 ·
869 4102 875 4115 =
998 4099 1003 4108 ·
1363 4093 1377 4136 r

1175 1253 1199 1287 ..i
