3117 4842
353 422 423 516 ttt
701 393 1053 521 tw-

355 565 393 615 η
414 537 514 607 Parta
535 541 673 624 loquor:
700 537 866 624 quinture
889 535 966 617 mihi
982 531 1102 631 feruere
1128 544 1304 628 memoro,

420 624 528 704 Atque
544 624 669 691 intende
679 624 819 688 animum
833 643 842 689 :
863 621 997 688 referam
1015 639 1138 706 nlaJora
1157 625 1265 690 relatis
1279 649 1289 694 ε

418 709 488 774 Cur
506 713 650 790 pulcram
666 723 756 771 taceo
766 705 916 790 formam,
934 705 1127 788 nitidamque
1143 708 1306 803 figuram?

422 791 491 864 Cur
506 807 598 858 taceo
613 790 777 856 immensas
794 791 948 856 immensi>
959 791 991 856 in
1008 811 1141 874 corpote
1157 794 1260 859 vires?

361 897 400 966 13
421 875 540 957 Ecquis
557 896 636 943 onus
654 879 720 939 lato
737 875 888 958 incipiens
905 875 1108 960 superaddere
1124 874 1230 960 dorse,

424 961 514 1029 Sicut
530 980 612 1042 equo
627 959 729 1024 facitis
751 958 902 1044 portanda
921 960 962 1024 ad
979 958 1116 1042 pondera
1132 976 1219 1043 nato,

429 1043 571 1128 Stragula
587 1043 763 1125 composuit
782 1048 883 1110 latum
897 1043 1033 1109 'velantia
1051 1043 1206 1108 dorsum?

156 1196 160 1209 x
365 1145 405 1213 14
426 1128 505 1212 Quis
522 1127 628 1192 dentes
654 1127 785 1196 reserare
800 1128 901 1214 potest
914 1149 974 1192 ceu
996 1130 1087 1193 clave
1103 1129 1228 1224 lupam,
1325 1212 1327 1215 Ι

249 1218 252 1222 ’
424 1213 573 1295 Quorum
593 1226 759 1292 utrumque
776 1215 857 1278 latus
872 1211 989 1296 jundis
1008 1214 1203 1294 amplexibus
1216 1210 1334 1294 nuent

416 1295 505 1376 ,stan
516 1296 654 1380 geminas
671 1296 770 1386 rigido
789 1298 896 1362 valvas
911 1297 1029 1360 imitata
1044 1297 1201 1361 metallo?

423 1378 535 1462 Qudm
551 1378 749 1446 formidanda
766 1379 979 1445 denteuhabet
995 1379 1050 1446 ille
1068 1380 1179 1463 figuti,

425 1462 493 1548 Qui
512 1465 553 1529 stc
571 1465 739 1529 terribilem
754 1464 839 1547 spira
860 1465 1014 1529 finuantur
1031 1464 1064 1528 in
1078 1464 1204 1546 orbem!

307 1582 311 1589 v
366 1563 407 1630 15
427 1547 603 1628 Squameus
620 1548 661 1612 eil
676 1563 777 1631 partes,
793 1548 936 1616 dvertice
953 1562 1036 1630 totus
1052 1547 1091 1623 ad
1110 1549 1205 1626 imam

428 1630 451 1698 S
476 1631 575 1695 uamis
588 1631 670 1696 haud
686 1633 773 1696 aliter
781 1631 889 1716 jaetat,
909 1631 1005 1714 quim
1019 1629 1101 1696 veile
1117 1629 1233 1701 decori

487 1731 644 1781 mmarum
662 1735 699 1778 ac
720 1717 786 1780 auri
804 1715 939 1781 flammis
958 1715 1106 1797 radiante,
1125 1714 1237 1782 careni

430 1796 582 1882 Perpenrd
603 1817 743 1876 connexa
760 1797 812 1864 fibi
830 1817 985 1884 compago
1005 1799 1117 1883 ligatur
1459 1873 1463 1885 Ι

433 1881 672 1968 Squarnca,ceu
689 1885 800 1956 tabula
816 1883 887 1949 ceri
903 1885 1075 1970 junguntur
1094 1901 1223 1962 acerop.
1408 1937 1415 1945 .

239 2043 241 2048 ,
373 1961 413 2031 16
433 1963 509 2030 Nec
531 1981 638 2052 tenues
655 1983 811 2052 penetrare
834 1969 930 2050 potest
946 1969 1000 2033 has
1016 1967 1134 2052 spiritus
1151 1979 1254 2033 aurat·

373 2063 413 2131 17
435 2041 550 2133 Usque
566 2051 647 2117 adel)
658 2051 743 2134 quod
759 2055 858 2138 tangit
872 2051 957 2116 idem
973 2052 1025 2117 est.
1048 2042 1102 2119 Sic
1118 2052 1213 2127 altera
1228 2050 1345 2136 semptt'

435 2135 630 2200 Alterutrum
651 2137 818 2217 complexa
833 2151 937 2221 tenet:
958 2157 1022 2202 non
1037 2137 1124 2201 ullus
1135 2133 1168 2202 in
1183 2137 1258 2200 orbe

437 2218 537 2302 Vivit,
557 2221 610 2302 qui
626 2219 767 2284 medium
784 2221 864 2302 potis
881 2220 924 2284 est
944 2211 1116 2284 discindere
1136 2237 1265 2285 nexum.

375 2295 415 2366 18
436 2299 478 2368 Et
494 2303 595 2395 pulsat
615 2305 716 2370 raucis
738 2321 814 2367 cum
831 2303 1042 2375 sternutaribus
1058 2321 1159 2383 aurae,

398 2441 404 2454 .
436 2383 529 2451 Luce
545 2388 626 2453 novd
642 2387 769 2472 expellit
782 2389 943 2455 tenebras':
963 2403 994 2452 te
1005 2387 1114 2472 praevia
1130 2383 1211 2464 lucis

434 2469 612 2554 Perspicuis'
622 2491 731 2534 aurora
745 2468 848 2534 oculis
864 2469 1008 2536 fimulare
1026 2469 1156 2537 videtur.

377 2569 418 2635 19
437 2551 610 2632 Ardentem
627 2555 787 2618 flammam
802 2551 1012 2633 scintillasque
1023 2555 1145 2620 evomit-
1156 2552 1258 2638 igniti

377 2655 419 2702 20
440 2633 508 2702 Ore
523 2637 581 2703 suo
597 2637 750 2724 egreditur
772 2636 902 2724 geminis
929 2633 1088 2703 euntibus
1106 2641 1212 2704 balans

436 2721 463 2787 F
466 2739 571 2807 umus¹
584 2737 618 2786 ut
636 2720 654 2786 ὲ
671 2721 777 2791 calido
797 2721 882 2803 quod
904 2720 1041 2787 concitat
1057 2720 1134 2808 ignis
1156 2725 1268 2795 aheno.-

377 2823 414 2872 21
439 2797 586 2891 Igniieras
603 2804 709 2887 paffim
724 2808 881 2892 jaculatur
897 2807 936 2869 ab
954 2825 1009 2871 ore
1031 2803 1156 2883 favillat

440 2889 582 2971 Spiritus,
602 2891 875 2972 &quodcumque
897 2890 1175 2972 rapitpopulabile
1193 2891 1331 2960 nunna

379 2989 420 3036 aa
440 2972 555 3038 Perstat
569 2973 771 3058 inindomito
784 2975 879 3036 robur
894 2992 959 3038 non
975 2973 1077 3038 flexile
1095 2978 1196 3057 collo5

385 3068 396 3085 ‘¹
440 3055 483 3122 Et
498 3061 610 3137 procul
625 3055 779 3122 anxiferos
795 3057 902 3123 animo
921 3055 1009 3142 sugat
1029 3057 1084 3122 ille
1100 3058 1241 3142 dolores,-

442 3140 571 3222 Semper
587 3140 619 3203 in
636 3132 801 3206 horrisonis
820 3139 958 3224 gaudent
974 3141 1087 3204 refilire
1102 3144 1262 3226 procerltn

380 3240 422 3305 ²3
441 3221 569 3304 Robore
583 3225 723 3288 membra
738 3223 947 3289 sibicorrilant
962 3224 1107 3310 ingentia,
1126 3227 1267 3290 membra

378 3323 423 3390 xaq
443 3307 550 3374 Firma
566 3319 702 3390 manent,
723 3307 856 3372 immota
871 3325 1015 3376 manent:
1036 3307 1211 3393 Cordisque
1229 3307 1321 3398 rigori

245 3410 249 3415 ·
341 3460 344 3466 ,
443 3391 591 3458 Saxa-vel
608 3393 740 3474 aequorei
757 3392 874 3457 cedunt
889 3393 1042 3474 horrentia
1057 3395 1156 3477 ponti,v
1308 3464 1311 3472 ¹

443 3473 485 3541 Et
501 3475 637 3560 lapidem
654 3477 833 3562 exsuperant
841 3479 1018 3561 praecordia
1038 3477 1116 3543 dura
1132 3483 1298 3547 molarem

379 3575 423 3640 355
444 3553 580 3623 Ctimda
624 3553 1358 3648 thorrendum,vultusquqoeulosqueferocetq

445 3643 569 3726 Inliqui
593 3646 619 3710 is
635 3647 751 3726 attollit
764 3649 867 3730 aquit,
887 3644 1012 3728 seseque
1024 3646 1197 3723 videndum

394 3767 397 3772 Δ
443 3723 585 3813 Exhibet,
604 3729 761 3818 eqtcmplb
770 3728 947 3794 validorum
960 3729 1251 3800 mernbravitorum
1288 3728 1297 3736 ’

441 3809 473 3898 J?
473 3811 573 3900 rigore
583 3813 761 3895 solvuntur„
772 3812 892 3898 gelidos
908 3831 1003 3894 pavor
1013 3814 1121 3899 alligat
1135 3829 1218 3884 attus
1232 3836 1244 3886 t

387 3923 389 3932 ·
442 3895 508 3978 Ac,
522 3898 641 3980 trepido
658 3897 813 3977 quatiente
829 3910 1059 3996 mnmpmgme
1074 3898 1202 3982 peraeta

372 4059 377 4066 .
438 3977 554 4054 'Effusis
569 3979 709 4067 precibus
726 3993 843 4048 tentant
858 3978 1091 4069 sceleratmpia
1103 3982 1186 4052 rita.

1264 4049 1370 4153 ²69⁸
