3117 4842
400 423 482 517 ,⁶4
630 386 637 400 '
783 406 985 508 Jonr

396 545 440 615 Et
455 543 580 614 rabidos
599 541 713 626 aquila
727 539 876 606 auderent
898 555 1098 608 contenmere
1108 539 1190 610 soles
1206 545 1229 612 ἓν

398 634 461 698 Ille
476 634 567 713 super
583 627 682 704 celsas
697 624 815 690 deserta
835 625 1002 691 cacumina
1018 645 1108 708 rupes
1193 699 1198 712 ,

396 714 510 782 Ardua
527 711 609 778 tesia
622 710 714 793 colit,
730 708 883 790 notasque
900 707 1058 774 cadaveris
1074 713 1163 773 aura's

395 800 521 882 Haurit,
542 797 574 863 dt
585 795 706 860 intentis
722 793 858 876 praedam
875 792 1053 876 speculatur
1071 793 1196 876 ocellis,

396 881 592 964 Jamdudum
605 877 721 942 crudos
738 876 911 942 assuescens
927 877 1074 962 sanguine
1089 892 1191 944 natos.
1294 877 1299 885 '

392 967 437 1034 Et
452 955 612 1034 Dominus
628 959 724 1044 Job0,
742 963 808 1026 baec
827 961 921 1024 illum
940 959 1047 1026 fecill‘e
1066 959 1186 1026 necesse
1204 959 1260 1046 est,
1347 983 1354 990 ·

451 1054 461 1116 i
477 1048 573 1114 dubio
588 1063 719 1110 mecum
735 1045 845 1109 subeat
863 1046 1030 1110 certamine
1048 1043 1201 1110 Martem.

428 1133 568 1215 thbns,
588 1129 733 1212 nimium,
753 1128 865 1212 fateor,
884 1130 1045 1196 temeraria
1062 1129 1152 1193 nobis

393 1215 519 1305 Lingua
533 1213 607 1297 fuit,
626 1213 745 1292 tacitus,
758 1213 882 1298 posthac
900 1229 954 1282 tua
967 1214 1048 1299 julla
1063 1214 1203 1280 verebor.

565 1371 1184 1522 'carnu-

470 1627 506 1696 T
528 1627 619 1696 Pater
640 1630 839 1713 omnipotens
856 1648 972 1695 vocem
987 1630 1028 1695 de
1044 1630 1164 1696 turbine
1179 1628 1312 1713 pendit3
1367 1702 1370 1708 ,

492 1713 587 1778 Tune
602 1733 636 1778 es
653 1733 749 1795 quem
761 1715 896 1779 studium
912 1715 1113 1781 commendat
1129 1715 1263 1779 amabile
1294 1709 1379 1798 redi,

393 1797 470 1864 Nos
489 1798 566 1863 vitio
586 1797 692 1863 intenti
708 1802 868 1881 pollutum
883 1798 1029 1883 degimus
1045 1800 1172 1865 aevurn?

397 1881 495 1948 Num
509 1882 564 1946 tibi
580 1881 657 1948 liant
672 1903 766 1964 aequae
791 1885 885 1946 firmo
901 1882 958 1946 sub
977 1883 1101 1965 peeore
1117 1883 1208 1969 vires,

398 1969 468 2034 Aut
482 1966 536 2031 tali
551 1986 613 2030 vor
629 1989 684 2032 ore
700 1968 812 2032 tonat?
834 1966 931 2034 Sume
948 1967 1055 2052 ardua,
1075 1967 1191 2053 queso,

396 2051 527 2135 Sceptra
542 2069 650 2134 manu,
669 2051 838 2116 auricomis
855 2050 982 2134 plaudat
997 2052 1050 2118 tibi
1065 2053 1164 2139 gloria
1185 2051 1305 2137 pennis.

399 2135 555 2216 Undique
571 2136 674 2217 cingat
689 2139 789 2200 honos
806 2135 932 2218 solium,
951 2136 1114 2202 dentsaeva
1127 2136 1246 2222 superbi

399 2219 571 2303 Supplicia,
591 2218 711 2286 afflidlis
727 2219 830 2303 jaceat
844 2239 919 2306 gens
936 2219 1030 2303 impia
1046 2222 1142 2306 terris.

397 2300 481 2369 Non
497 2304 550 2370 ibo
567 2303 698 2388 inficias,
717 2304 844 2388 propriae
862 2305 938 2386 quin
955 2323 1084 2370 munere
1099 2306 1214 2371 dextrae

398 2387 533 2473 Servari,
553 2388 785 2468 innocuamque
803 2409 899 2468 queas
916 2389 1086 2469 producere
1103 2390 1218 2454 vitam.r

398 2470 487 2536 Ecce
503 2472 557 2534 tibi
572 2470 754 2550 Behemoth,
776 2471 868 2532 nostri
886 2490 955 2549 pars
972 2491 1033 2534 una
1052 2473 1178 2554 laboris,

398 2553 548 2620 Tondeat
566 2568 599 2614 ut
615 2551 739 2616 foenum
756 2551 889 2632 campis,
904 2550 1065 2615 fortiffima
1083 2555 1198 2620 lumbis

397 2637 527 2704 Robora
545 2635 646 2717 habet,
664 2635 761 2698 virtus
777 2653 889 2720 magna
907 2633 1012 2701 insidet
1028 2639 1207 2705 umbillic0.

397 2719 511 2784 Cauda
526 2718 615 2783 instar
632 2718 717 2782 cedri
733 2719 788 2801 est,
805 2719 936 2784 nervoso
952 2721 1086 2805 tegmine
1104 2723 1193 2788 testes

397 2801 543 2887 Occulit,
562 2802 729 2889 adsurgunt
745 2803 855 2868 validis
874 2805 993 2868 firmata
1009 2805 1160 2872 medullis·

399 2885 487 2970 olla,
506 2892 594 2953 velut
609 2886 682 2951 ferri
700 2887 805 2972 rigidis
825 2891 959 2953 conflata
976 2890 1119 2954 cuminis.

395 2971 566 3039 Excellens
583 2991 661 3054 opus
678 2973 720 3036 esi
736 2973 833 3055 Jovae,
853 2992 911 3036 nec
933 2970 1032 3036 ferrea
1053 2973 1164 3038 desunt

395 3057 498 3122 Arna
516 3057 575 3142 illi,
594 3057 735 3140 gladium
753 3056 910 3138 proboscis
935 3057 1069 3121 &arma
1086 3057 1247 3122 ministrae

394 3139 436 3208 Et
456 3155 563 3236 turgeu
576 3140 718 3221 innocuis
730 3140 863 3222 Elephas
887 3140 942 3204 sua
957 3142 1070 3222 pabula
1087 3142 1206 3225 campis

393 3224 515 3307 Carpit,
536 3226 566 3289 δι
584 3224 729 3288 alludunt
745 3229 831 3288 laetas
850 3240 989 3288 armenta
1007 3245 1059 3307 per
1076 3225 1193 3291 herbas.

394 3310 455 3376 Illa
471 3308 526 3388 sub
545 3307 691 3374 umbroso
707 3308 852 3391 producit
868 3308 1001 3392 tegmine
1019 3308 1160 3393 somnos,
1182 3377 1184 3380 .

394 3391 437 3459 Et
452 3393 585 3458 salicum
604 3393 711 3477 quaetit
729 3394 871 3476 latebras,
891 3393 1044 3460 subsilere
1062 3394 1170 3458 credas

396 3475 546 3542 Flumina
563 3476 641 3541 cum
656 3477 768 3542 mediis
786 3476 892 3564 ingens
903 3477 972 3542 sese
988 3477 1086 3542 abluit
1108 3475 1209 3559 undis,

395 3560 494 3644 Quod
511 3557 625 3625 fisorte
642 3563 722 3626 stim
732 3562 828 3646 sedet,
847 3581 913 3644 non
930 3562 1022 3643 ebria,
1042 3561 1184 3642 quamvis

395 3643 566 3727 Jordaneln
582 3664 719 3724 vacuum
735 3645 806 3712 totis
823 3646 981 3710 absorbeat
997 3643 1099 3710 undis.

394 3729 451 3795 Ast
468 3728 515 3792 illi
530 3727 640 3793 validae
655 3729 783 3794 tendens
800 3730 952 3793 venabula
968 3727 1080 3792 dextrae

394 3811 618 3896 Omnipotens,
635 3813 755 3892 laqueis
772 3832 860 3876 nares
879 3810 1006 3893 praefigit
1021 3810 1132 3877 acutis.

392 3894 488 3964 Num
506 3899 622 3962 balena
633 3896 688 3960 tibi
701 3895 811 3960 fallaci
835 3894 965 3978 pendeat
981 3896 1087 3979 hamo,

289 3999 298 4017 .
392 3980 461 4105 que
479 3983 598 4052 trahens
616 3978 738 4080 sunem,
757 3977 963 4100 maxillasque
981 4001 1039 4050 ere
1054 3982 1186 4069 rigentes
1304 4054 1379 4130 Pet·
