3117 4842
382 403 467 480 att
748 373 784 480 J
824 362 888 479 ,0.
918 368 959 446 Β
1001 376 1026 445 ¹

391 507 680 610 a'9Necni91iiun
714 511 928 598 trifurcam,
948 509 1026 576 curn
1043 511 1318 598 sterneret'hosteut

434 607 444 640 ¹
484 613 490 618 '
508 534 799 692 Sdt'gfotmidandis
812 595 917 673 fronte
934 594 1172 681 coadaminis:

286 697 288 702 ’
398 709 439 781 30
458 681 533 752 Nec
552 679 699 762 dederant
714 682 826 748 rabidae
842 683 1012 748 retinacula
1029 682 1125 749 libera
1141 684 1267 770 lingue,

510 769 674 854 Exagitans
690 766 793 853 miseri
807 763 872 832 fata
887 762 1001 852 finistra
1016 766 1091 847 uiri:

397 878 434 944 31
459 853 547 922 Cum
563 870 664 917 tamen
681 851 797 918 interea
810 849 1005 916 famulorum
1021 851 1109 937 turba
1124 862 1272 919 meorum

511 934 670 1002 Concordi
686 933 826 1000 dederint
840 936 914 1000 talia
930 934 1013 999 diua
1027 925 1120 1001 sono:

461 1022 494 1090 O
513 1021 695 1101 sceleratam
711 1019 835 1084 utinam·
847 1020 939 1084 liceat
954 1017 1124 1102 discerpere
1141 1024 1290 1086 earnem!-

508 1102 624 1188 Nulla,
643 1105 697 1170 nifi
714 1105 777 1168 haec
797 1104 944 1188 nequitur,
963 1123 1055 1186 poena
1071 1102 1175 1190 severa
1191 1105 1236 1169 sat
1252 1097 1303 1172 est'.

397 1212 437 1280 32
457 1186 531 1254 Nec
547 1187 636 1253 volui
653 1188 685 1252 in
700 1208 804 1252 vacuo
818 1187 1014 1273 peregrinum
1030 1186 1150 1253 stertere
1168 1193 1272 1273 coelo,-

509 1271 571 1339 Sed
588 1273 685 1368 patuit
700 1265 807 1338 nostra
820 1273 916 1356 janua
931 1276 1002 1336 laxa
1019 1271 1169 1358 domun·-

399 1377 437 1444 33
459 1355 557 1423 Mens
574 1374 646 1420 mea
662 1355 739 1420 eum
755 1355 879 1422 sceleris
897 1354 949 1439 sibi
966 1355 1092 1421 conscia
1105 1354 1217 1438 palluit
1234 1356 1301 1442 atri,

510 1439 551 1506 Et
565 1431 646 1526 vitiis
663 1443 695 1506 in
711 1440 743 1505 se
761 1442 994 1505 commaculata
1011 1437 1084 1521 suis,

298 1539 300 1544 '
411 1581 413 1586 .
458 1515 664 1590 Nonvel'um
680 1524 818 1608 obtendi,
836 1523 945 1590 veteris
962 1544 1027 1588 non
1045 1521 1133 1587 instar
1151 1519 1283 1608 Adanu,

511 1603 548 1674 in
564 1607 661 1671 tacito
675 1609 795 1674 occlufi
811 1609 941 1689 crimina
957 1607 1059 1673 nostra
1075 1607 1150 1671 sinu.

398 1711 439 1777 34
458 1687 604 1772 Tantane
623 1710 674 1756 me
692 1691 808 1758 stolidae
825 1693 907 1776 cepit
921 1691 1088 1758 reverentia
1102 1691 1220 1772 plebis?

509 1770 551 1842 Et
566 1779 718 1858 populum
732 1773 834 1842 fuerat
846 1792 947 1841 tantus
964 1775 1178 1860 adiretitnor?

461 1853 515 1926 Ut
532 1879 632 1942 neque
648 1859 804 1942 prodirem
818 1861 949 1941 foribus,
968 1857 1123 1943 planeque
1138 1857 1268 1943 faterer,.
1313 1870 1316 1886 ¹

512 1943 593 2026 Quae
607 1941 732 2008 tenuere
747 1944 845 2008 animi
861 1945 992 2012 claustra
1007 1939 1161 2028 profunda
1176 1945 1255 2008 meir

399 2044 440 2113 35
460 2024 493 2091 O
511 2027 602 2174 &uis
620 2027 727 2094 nostris
744 2029 899 2114 adhiberet
914 2030 1045 2115 vocibus
1063 2029 1167 2092 aures!
1266 2107 1269 2111 ἱ

561 2107 636 2174 mihi
654 2114 673 2176 sr
692 2113 850 2179 aetherium
862 2113 909 2192 fas
922 2115 956 2179 stt
973 2111 1057 2189 adire
1073 2114 1235 2178 thronum!
1270 2112 1275 2126 ¹

460 2186 493 2258 Ο
508 2194 584 2258 mihi
602 2195 623 2258 fi
640 2191 782 2280 responsa
800 2215 889 2261 meus
905 2202 972 2278 jorn
987 2195 1125 2261 redderet
1142 2192 1258 2262 hostis!

496 2275 664 2362 'Perpetuo
680 2280 821 2364 insereret
839 2283 859 2346 fi
878 2280 932 2345 sua
946 2283 1041 2346 verba
1052 2279 1149 2346 libro!

398 2363 440 2451 36
460 2362 516 2429 Iste
534 2363 622 2446 liber,
642 2363 718 2428 liber
735 2365 786 2429 iste
802 2365 937 2432 humeris
952 2385 1088 2433 annexus
1104 2362 1237 2447 aduror.

510 2444 553 2511 'Et
568 2447 655 2510 fieret
670 2449 762 2528 capiti
777 2464 863 2532 grata
877 2469 996 2523 ,corona
1011 2468 1095 2514 meo,
1178 2517 1181 2520 ,

399 2546 439 2612 37
459 2527 543 2594 Huic
561 2547 734 2608 enarrarem
751 2533 852 2615 longae
867 2533 992 2616 vestigia
1006 2532 1093 2614 vitae‚.

511 2607 708 2696 Trajicerenr
723 2613 806 2678 hunc
821 2613 934 2702 linguae
950 2611 1203 2698 fulminibusquex
1213 2632 1291 2680 mee
1310 2629 1326 2683 τ’

459 2693 521 2762 Ma
543 2695 658 2760 nanimi
673 2698 785 2766 virtute
801 2697 890 2763 ducis
905 2698 1071 2764 ferventior
1087 2698 1215 2782 instans,

551 2798 603 2844 um
618 2779 738 2846 vietum
754 2785 860 2848 stratus
878 2783 909 2852 se
923 2781 1053 2849 fateatur
1068 2783 1166 2848 humi.

401 2861 440 2950 38
461 2861 580 3014 Εεὸιιὶε
598 2883 686 2962 agros
701 2863 812 2930 frustra
826 2867 943 2933 nostros
959 2862 1107 2950 versavit?
1118 2867 1158 2949 ¹dt
1173 2867 1283 2950 ecquis

549 2949 622 3014 fficir
637 2935 769 3036 pretiurir
781 2971 849 3016 non
863 2943 998 3016 retuliffe
1014 2951 1122 3016 dolet?

276 3123 287 3132 ἱ
399 3051 441 3119 39
461 3027 542 3097 Non
561 3032 653 3096 avido
670 3031 785 3114 segetes
803 3027 918 3100 alienas
935 3035 1026 3098 dente
1042 3035 1164 3118 vorari5

512 3113 586 3189 Nec
604 3117 689 3197 rapui
708 3113 731 3180 ri
742 3118 878 3184 dominis
896 3140 968 3184 arva
984 3122 1072 3191 beata
1086 3120 1165 3185 suis:

482 3197 645 3282 Raptaque
660 3199 787 3282 poiiedi,
807 3201 1012 3284 dominosque
1027 3203 1059 3268 in
1074 3202 1137 3269 fata
1155 3201 1263 3287 coegi„

513 3283 581 3352 Aut
597 3285 711 3364 laqueo
726 3283 841 3362 tristem
857 3303 910 3353 aut
925 3287 996 3352 ense
1012 3285 1127 3353 ferente
1143 3304 1272 3351 necerua

400 3385 444 3450 40
464 3367 563 3450 Quod
580 3365 697 3432 fi'forte
715 3382 820 3435 tamen
835 3371 1000 3459 mendacia
1016 3374 1130 3458 fingere
1145 3371 1236 3451 nitar,

513 3451 554 3518 Et
570 3449 663 3542 tacitd
679 3449 978 3537 falsoadiffimullare
992 3457 1100 3524 dolos:

461 3531 525 3598 Pro
542 3535 651 3622 stipuIa
666 3557 826 3620 granoque
842 3543 926 3606 bono
943 3540 1107 3626 consurgat
1124 3557 1233 3620 avena,

515 3616 669 3699 Undique
682 3641 736 3702 per
752 3625 874 3691 medios
890 3626 921 3691 dt
936 3625 1072 3706 paliurus
1094 3643 1184 3708 agros
1200 3644 1208 3688 :

460 3699 528 3768 Has
543 3720 650 3781 voces,
669 3704 733 3782 haec
750 3709 844 3771 verba
858 3709 964 3773 furens
982 3709 1120 3786 expreffrt
1136 3709 1264 3792 Iobus}

510 3781 577 3856 Hic
595 3785 690 3860 finetn
707 3791 829 3872 questus
845 3791 931 3876 justit
945 3791 1055 3858 habere
1070 3793 1153 3860 suot.
1172 3794 1176 3803 “

1136 4001 1390 4120 fona
