<?xml version="1.0" encoding="UTF-8"?>
<!DOCTYPE html PUBLIC "-//W3C//DTD XHTML 1.0 Transitional//EN"
    "http://www.w3.org/TR/xhtml1/DTD/xhtml1-transitional.dtd">
<html xmlns="http://www.w3.org/1999/xhtml" xml:lang="en" lang="en">
 <head>
  <title>
</title>
<meta http-equiv="Content-Type" content="text/html;charset=utf-8" />
  <meta name='ocr-system' content='tesseract 3.04.00' />
  <meta name='ocr-capabilities' content='ocr_page ocr_carea ocr_par ocr_line ocrx_word'/>
</head>
<body>
  <div class='ocr_page' id='page_1' title='image "./poetarumscotoru02adamgoog_0134.png"; bbox 0 0 3117 4842; ppageno 0'>
   <div class='ocr_carea' id='block_1_1' title="bbox 476 677 1058 785">
    <p class='ocr_par' dir='ltr' id='par_1_1' title="bbox 476 677 1058 785">
     <span class='ocr_line' id='line_1_1' title="bbox 476 677 1058 785; baseline 0.009 -19"><span class='ocrx_word' id='word_1_1' title='bbox 476 677 1058 785; x_wconf 77' lang='lat' dir='ltr'><strong>cAP.X1.··</strong></span> 
     </span>
    </p>
   </div>
   <div class='ocr_carea' id='block_1_2' title="bbox 151 871 941 1555">
    <p class='ocr_par' dir='ltr' id='par_1_2' title="bbox 196 871 941 1050">
     <span class='ocr_line' id='line_1_2' title="bbox 196 871 941 1038; baseline 0.017 -101"><span class='ocrx_word' id='word_1_2' title='bbox 196 885 199 888; x_wconf 79' lang='grc'>’</span> <span class='ocrx_word' id='word_1_3' title='bbox 240 871 396 1038; x_wconf 83' lang='lat' dir='ltr'>Mox</span> <span class='ocrx_word' id='word_1_4' title='bbox 407 873 500 940; x_wconf 91' lang='lat' dir='ltr'>illum</span> <span class='ocrx_word' id='word_1_5' title='bbox 512 873 673 961; x_wconf 85' lang='lat' dir='ltr'>Zopharus</span> <span class='ocrx_word' id='word_1_6' title='bbox 688 875 795 945; x_wconf 85' lang='lat' dir='ltr'>furens</span> <span class='ocrx_word' id='word_1_7' title='bbox 806 882 941 968; x_wconf 78' lang='lat' dir='ltr'>adortus,</span> 
     </span>
     <span class='ocr_line' id='line_1_3' title="bbox 314 961 911 1050; baseline 0.018 -25"><span class='ocrx_word' id='word_1_8' title='bbox 314 1032 317 1036; x_wconf 55' lang='grc'><strong>,</strong></span> <span class='ocrx_word' id='word_1_9' title='bbox 361 961 425 1025; x_wconf 85' lang='lat' dir='ltr'>lras</span> <span class='ocrx_word' id='word_1_10' title='bbox 439 980 554 1050; x_wconf 85' lang='lat' dir='ltr'>ponere</span> <span class='ocrx_word' id='word_1_11' title='bbox 574 963 777 1046; x_wconf 85' lang='lat' dir='ltr'>lugubresque</span> <span class='ocrx_word' id='word_1_12' title='bbox 789 967 911 1048; x_wconf 85' lang='lat' dir='ltr'>questus</span> 
     </span>
    </p>

    <p class='ocr_par' dir='ltr' id='par_1_3' title="bbox 240 1044 876 1195">
     <span class='ocr_line' id='line_1_4' title="bbox 240 1044 876 1139; baseline 0.006 -29"><span class='ocrx_word' id='word_1_13' title='bbox 240 1044 370 1128; x_wconf 78' lang='lat' dir='ltr'>Suadet,</span> <span class='ocrx_word' id='word_1_14' title='bbox 388 1063 447 1109; x_wconf 89' lang='lat' dir='ltr'>nec</span> <span class='ocrx_word' id='word_1_15' title='bbox 463 1055 599 1109; x_wconf 87' lang='lat' dir='ltr'>veterem</span> <span class='ocrx_word' id='word_1_16' title='bbox 615 1045 701 1126; x_wconf 90' lang='lat' dir='ltr'>sequi</span> <span class='ocrx_word' id='word_1_17' title='bbox 717 1051 876 1139; x_wconf 69' lang='lat' dir='ltr'>terrorem¹</span> 
     </span>
     <span class='ocr_line' id='line_1_5' title="bbox 240 1126 742 1195; baseline -0.004 -1"><span class='ocrx_word' id='word_1_18' title='bbox 240 1126 305 1194; x_wconf 86' lang='lat' dir='ltr'>Sed</span> <span class='ocrx_word' id='word_1_19' title='bbox 322 1129 391 1192; x_wconf 81' lang='lat' dir='ltr'>vitae</span> <span class='ocrx_word' id='word_1_20' title='bbox 407 1129 547 1193; x_wconf 87' lang='lat' dir='ltr'>melioris</span> <span class='ocrx_word' id='word_1_21' title='bbox 563 1129 742 1195; x_wconf 80' lang='lat' dir='ltr'>institutum.</span> 
     </span>
    </p>

    <p class='ocr_par' dir='ltr' id='par_1_4' title="bbox 151 1209 799 1295">
     <span class='ocr_line' id='line_1_6' title="bbox 151 1209 799 1295; baseline 0 -18"><span class='ocrx_word' id='word_1_22' title='bbox 151 1242 158 1260; x_wconf 88' lang='lat'><strong>·</strong></span> <span class='ocrx_word' id='word_1_23' title='bbox 192 1228 218 1284; x_wconf 73' lang='lat' dir='ltr'>:t</span> <span class='ocrx_word' id='word_1_24' title='bbox 240 1209 359 1278; x_wconf 88' lang='lat' dir='ltr'>Annon</span> <span class='ocrx_word' id='word_1_25' title='bbox 377 1213 469 1295; x_wconf 83' lang='lat' dir='ltr'>copia</span> <span class='ocrx_word' id='word_1_26' title='bbox 485 1213 686 1277; x_wconf 86' lang='lat' dir='ltr'>verbulorum</span> <span class='ocrx_word' id='word_1_27' title='bbox 702 1214 799 1286; x_wconf 87' lang='lat' dir='ltr'>inanis</span> 
     </span>
    </p>

    <p class='ocr_par' dir='ltr' id='par_1_5' title="bbox 238 1293 896 1370">
     <span class='ocr_line' id='line_1_7' title="bbox 238 1293 896 1370; baseline 0.005 -9"><span class='ocrx_word' id='word_1_28' title='bbox 238 1293 427 1362; x_wconf 84' lang='lat' dir='ltr'>Refellenda</span> <span class='ocrx_word' id='word_1_29' title='bbox 443 1295 563 1368; x_wconf 85' lang='lat' dir='ltr'>videtur</span> <span class='ocrx_word' id='word_1_30' title='bbox 580 1298 638 1370; x_wconf 74' lang='lat' dir='ltr'>esse</span> <span class='ocrx_word' id='word_1_31' title='bbox 654 1298 762 1363; x_wconf 86' lang='lat' dir='ltr'>vobis?</span> <span class='ocrx_word' id='word_1_32' title='bbox 894 1335 896 1338; x_wconf 96' lang='lat'>·</span> 
     </span>
    </p>

    <p class='ocr_par' dir='ltr' id='par_1_6' title="bbox 237 1378 835 1465">
     <span class='ocr_line' id='line_1_8' title="bbox 237 1378 835 1465; baseline 0.01 -17"><span class='ocrx_word' id='word_1_33' title='bbox 237 1378 294 1448; x_wconf 81' lang='lat' dir='ltr'>An</span> <span class='ocrx_word' id='word_1_34' title='bbox 311 1380 364 1464; x_wconf 92' lang='lat' dir='ltr'>qui</span> <span class='ocrx_word' id='word_1_35' title='bbox 380 1379 513 1462; x_wconf 88' lang='lat' dir='ltr'>plurima</span> <span class='ocrx_word' id='word_1_36' title='bbox 527 1384 668 1465; x_wconf 85' lang='lat' dir='ltr'>garrulus</span> <span class='ocrx_word' id='word_1_37' title='bbox 687 1385 835 1462; x_wconf 79' lang='lat' dir='ltr'>loquetur</span> 
     </span>
    </p>

    <p class='ocr_par' dir='ltr' id='par_1_7' title="bbox 238 1461 786 1555">
     <span class='ocr_line' id='line_1_9' title="bbox 238 1461 786 1555; baseline 0.007 -28"><span class='ocrx_word' id='word_1_38' title='bbox 238 1461 332 1528; x_wconf 89' lang='lat' dir='ltr'>Foedi</span> <span class='ocrx_word' id='word_1_39' title='bbox 349 1463 486 1532; x_wconf 89' lang='lat' dir='ltr'>criminis</span> <span class='ocrx_word' id='word_1_40' title='bbox 502 1477 644 1555; x_wconf 82' lang='lat' dir='ltr'>arguetur</span> <span class='ocrx_word' id='word_1_41' title='bbox 659 1464 786 1531; x_wconf 83' lang='lat' dir='ltr'>insons?</span> 
     </span>
    </p>
   </div>
   <div class='ocr_carea' id='block_1_3' title="bbox 196 1545 980 1642">
    <p class='ocr_par' dir='ltr' id='par_1_8' title="bbox 196 1545 980 1642">
     <span class='ocr_line' id='line_1_10' title="bbox 196 1545 980 1642; baseline 0.018 -34"><span class='ocrx_word' id='word_1_42' title='bbox 196 1566 218 1642; x_wconf 74' lang='lat'><strong>3</strong></span> <span class='ocrx_word' id='word_1_43' title='bbox 239 1545 293 1611; x_wconf 85' lang='lat' dir='ltr'>An</span> <span class='ocrx_word' id='word_1_44' title='bbox 307 1549 446 1634; x_wconf 77' lang='lat' dir='ltr'>linguam</span> <span class='ocrx_word' id='word_1_45' title='bbox 461 1546 515 1611; x_wconf 91' lang='lat' dir='ltr'>tibi</span> <span class='ocrx_word' id='word_1_46' title='bbox 527 1551 640 1619; x_wconf 88' lang='lat' dir='ltr'>nullus</span> <span class='ocrx_word' id='word_1_47' title='bbox 655 1549 808 1620; x_wconf 85' lang='lat' dir='ltr'>obserabit</span> <span class='ocrx_word' id='word_1_48' title='bbox 866 1545 872 1562; x_wconf 80' lang='grc'><strong>’</strong></span> <span class='ocrx_word' id='word_1_49' title='bbox 977 1579 980 1588; x_wconf 64' lang='lat'><strong>⁴</strong></span> 
     </span>
    </p>
   </div>
   <div class='ocr_carea' id='block_1_4' title="bbox 190 1630 941 2802">
    <p class='ocr_par' dir='ltr' id='par_1_9' title="bbox 238 1630 771 1777">
     <span class='ocr_line' id='line_1_11' title="bbox 238 1630 771 1777; baseline 0.004 -81"><span class='ocrx_word' id='word_1_50' title='bbox 238 1631 306 1777; x_wconf 61' lang='lat' dir='ltr'>ssui</span> <span class='ocrx_word' id='word_1_51' title='bbox 322 1630 486 1696; x_wconf 85' lang='lat' dir='ltr'>mendacia</span> <span class='ocrx_word' id='word_1_52' title='bbox 501 1631 591 1715; x_wconf 83' lang='lat' dir='ltr'>fingis</span> <span class='ocrx_word' id='word_1_53' title='bbox 609 1651 662 1694; x_wconf 90' lang='lat' dir='ltr'>ore</span> <span class='ocrx_word' id='word_1_54' title='bbox 677 1631 771 1717; x_wconf 88' lang='lat' dir='ltr'>falso,</span> 
     </span>
    </p>

    <p class='ocr_par' dir='ltr' id='par_1_10' title="bbox 237 1715 872 1885">
     <span class='ocr_line' id='line_1_12' title="bbox 277 1715 872 1804; baseline 0.01 -27"><span class='ocrx_word' id='word_1_55' title='bbox 277 1735 314 1778; x_wconf 90' lang='lat' dir='ltr'>ec</span> <span class='ocrx_word' id='word_1_56' title='bbox 330 1715 384 1788; x_wconf 88' lang='lat' dir='ltr'>tibi</span> <span class='ocrx_word' id='word_1_57' title='bbox 400 1715 514 1787; x_wconf 71' lang='lat' dir='ltr'>susibus</span> <span class='ocrx_word' id='word_1_58' title='bbox 527 1715 772 1800; x_wconf 84' lang='lat' dir='ltr'>j&#39;ocantiineptis</span> <span class='ocrx_word' id='word_1_59' title='bbox 863 1793 872 1804; x_wconf 83' lang='lat'>.</span> 
     </span>
     <span class='ocr_line' id='line_1_13' title="bbox 237 1793 782 1885; baseline 0.004 -21"><span class='ocrx_word' id='word_1_60' title='bbox 237 1793 349 1883; x_wconf 84' lang='lat' dir='ltr'><strong>Tingit</strong></span> <span class='ocrx_word' id='word_1_61' title='bbox 362 1818 516 1885; x_wconf 91' lang='lat' dir='ltr'>purpureo</span> <span class='ocrx_word' id='word_1_62' title='bbox 531 1800 642 1867; x_wconf 84' lang='lat' dir='ltr'>rubore</span> <span class='ocrx_word' id='word_1_63' title='bbox 657 1803 782 1866; x_wconf 78' lang='lat' dir='ltr'>malas?</span> 
     </span>
    </p>

    <p class='ocr_par' dir='ltr' id='par_1_11' title="bbox 193 1877 941 2211">
     <span class='ocr_line' id='line_1_14' title="bbox 193 1877 862 1967; baseline 0.007 -22"><span class='ocrx_word' id='word_1_64' title='bbox 193 1877 293 1967; x_wconf 75' lang='lat' dir='ltr'>4Tu</span> <span class='ocrx_word' id='word_1_65' title='bbox 307 1883 384 1952; x_wconf 84' lang='lat' dir='ltr'>dixti</span> <span class='ocrx_word' id='word_1_66' title='bbox 404 1880 515 1965; x_wconf 80' lang='lat' dir='ltr'>modo,</span> <span class='ocrx_word' id='word_1_67' title='bbox 534 1882 641 1946; x_wconf 87' lang='lat' dir='ltr'>semita</span> <span class='ocrx_word' id='word_1_68' title='bbox 655 1883 797 1951; x_wconf 87' lang='lat' dir='ltr'>solebam</span> <span class='ocrx_word' id='word_1_69' title='bbox 860 1917 862 1920; x_wconf 96' lang='lat'>·</span> 
     </span>
     <span class='ocr_line' id='line_1_15' title="bbox 236 1965 940 2049; baseline -0.004 -15"><span class='ocrx_word' id='word_1_70' title='bbox 236 1965 275 2034; x_wconf 89' lang='lat' dir='ltr'>In</span> <span class='ocrx_word' id='word_1_71' title='bbox 290 1966 375 2032; x_wconf 67' lang='lat' dir='ltr'>reda</span> <span class='ocrx_word' id='word_1_72' title='bbox 390 1967 510 2032; x_wconf 84' lang='lat' dir='ltr'>stabiles</span> <span class='ocrx_word' id='word_1_73' title='bbox 525 1968 633 2030; x_wconf 88' lang='lat' dir='ltr'>locare</span> <span class='ocrx_word' id='word_1_74' title='bbox 649 1971 767 2049; x_wconf 81' lang='lat' dir='ltr'>plantas</span> <span class='ocrx_word' id='word_1_75' title='bbox 791 1989 800 2040; x_wconf 85' lang='grc'>;</span> <span class='ocrx_word' id='word_1_76' title='bbox 937 1979 940 1984; x_wconf 86' lang='grc'><strong>“</strong></span> 
     </span>
     <span class='ocr_line' id='line_1_16' title="bbox 234 2046 941 2139; baseline 0.008 -27"><span class='ocrx_word' id='word_1_77' title='bbox 234 2046 417 2120; x_wconf 73' lang='lat' dir='ltr'>Nostrasan</span> <span class='ocrx_word' id='word_1_78' title='bbox 454 2050 596 2134; x_wconf 74' lang='lat' dir='ltr'>inepura</span> <span class='ocrx_word' id='word_1_79' title='bbox 605 2048 941 2139; x_wconf 71' lang='lat' dir='ltr'>mensmanusqueest,</span> 
     </span>
     <span class='ocr_line' id='line_1_17' title="bbox 234 2128 792 2211; baseline -0.002 -15"><span class='ocrx_word' id='word_1_80' title='bbox 234 2128 313 2196; x_wconf 90' lang='lat' dir='ltr'>Nec</span> <span class='ocrx_word' id='word_1_81' title='bbox 331 2132 395 2199; x_wconf 81' lang='lat' dir='ltr'>vixi</span> <span class='ocrx_word' id='word_1_82' title='bbox 425 2129 535 2194; x_wconf 85' lang='lat' dir='ltr'>celeris</span> <span class='ocrx_word' id='word_1_83' title='bbox 551 2141 698 2211; x_wconf 82' lang='lat' dir='ltr'>patronus</span> <span class='ocrx_word' id='word_1_84' title='bbox 714 2132 792 2202; x_wconf 83' lang='lat' dir='ltr'>atri&#39;</span> 
     </span>
    </p>

    <p class='ocr_par' dir='ltr' id='par_1_12' title="bbox 190 2211 861 2387">
     <span class='ocr_line' id='line_1_18' title="bbox 190 2211 861 2302; baseline 0.009 -23"><span class='ocrx_word' id='word_1_85' title='bbox 190 2235 213 2302; x_wconf 82' lang='lat'>5</span> <span class='ocrx_word' id='word_1_86' title='bbox 235 2211 271 2280; x_wconf 96' lang='lat' dir='ltr'>O</span> <span class='ocrx_word' id='word_1_87' title='bbox 290 2216 311 2278; x_wconf 83' lang='lat' dir='ltr'>fi</span> <span class='ocrx_word' id='word_1_88' title='bbox 327 2216 395 2299; x_wconf 88' lang='lat' dir='ltr'>jam</span> <span class='ocrx_word' id='word_1_89' title='bbox 411 2211 513 2297; x_wconf 84' lang='lat' dir='ltr'>Deus,</span> <span class='ocrx_word' id='word_1_90' title='bbox 532 2212 791 2301; x_wconf 83' lang='lat' dir='ltr'>arbiterseverus,</span> <span class='ocrx_word' id='word_1_91' title='bbox 858 2229 861 2236; x_wconf 84' lang='lat'>&#39;</span> 
     </span>
     <span class='ocr_line' id='line_1_19' title="bbox 234 2295 833 2387; baseline 0.003 -23"><span class='ocrx_word' id='word_1_92' title='bbox 234 2295 324 2364; x_wconf 83' lang='lat' dir='ltr'>Mox</span> <span class='ocrx_word' id='word_1_93' title='bbox 338 2298 451 2387; x_wconf 76' lang='lat' dir='ltr'>lingue</span> <span class='ocrx_word' id='word_1_94' title='bbox 464 2297 671 2372; x_wconf 71' lang='lat' dir='ltr'>retinaculum</span> <span class='ocrx_word' id='word_1_95' title='bbox 679 2299 833 2371; x_wconf 83' lang='lat' dir='ltr'>resolvat!</span> 
     </span>
    </p>

    <p class='ocr_par' dir='ltr' id='par_1_13' title="bbox 192 2379 806 2636">
     <span class='ocr_line' id='line_1_20' title="bbox 192 2379 806 2464; baseline -0.002 -17"><span class='ocrx_word' id='word_1_96' title='bbox 192 2387 215 2454; x_wconf 79' lang='grc'><strong>6</strong></span> <span class='ocrx_word' id='word_1_97' title='bbox 234 2379 269 2447; x_wconf 96' lang='lat' dir='ltr'>O</span> <span class='ocrx_word' id='word_1_98' title='bbox 290 2381 311 2447; x_wconf 82' lang='lat' dir='ltr'>fi</span> <span class='ocrx_word' id='word_1_99' title='bbox 333 2383 394 2446; x_wconf 86' lang='lat' dir='ltr'>&#39;am</span> <span class='ocrx_word' id='word_1_100' title='bbox 410 2382 464 2449; x_wconf 89' lang='lat' dir='ltr'>tibi</span> <span class='ocrx_word' id='word_1_101' title='bbox 481 2383 594 2464; x_wconf 77' lang='lat' dir='ltr'>pandat</span> <span class='ocrx_word' id='word_1_102' title='bbox 612 2382 667 2452; x_wconf 83' lang='lat' dir='ltr'>ille</span> <span class='ocrx_word' id='word_1_103' title='bbox 681 2381 806 2454; x_wconf 76' lang='lat' dir='ltr'>sacrum</span> 
     </span>
     <span class='ocr_line' id='line_1_21' title="bbox 233 2463 754 2550; baseline 0.002 -19"><span class='ocrx_word' id='word_1_104' title='bbox 233 2464 321 2538; x_wconf 77' lang='lat' dir='ltr'>Orac</span> <span class='ocrx_word' id='word_1_105' title='bbox 339 2486 393 2532; x_wconf 91' lang='lat' dir='ltr'>um</span> <span class='ocrx_word' id='word_1_106' title='bbox 407 2467 559 2550; x_wconf 70' lang='lat' dir='ltr'>sapientie</span> <span class='ocrx_word' id='word_1_107' title='bbox 575 2463 754 2548; x_wconf 63' lang='lat' dir='ltr'>profunde!</span> 
     </span>
     <span class='ocr_line' id='line_1_22' title="bbox 233 2547 793 2636; baseline 0.007 -22"><span class='ocrx_word' id='word_1_108' title='bbox 233 2547 316 2615; x_wconf 92' lang='lat' dir='ltr'>Non</span> <span class='ocrx_word' id='word_1_109' title='bbox 334 2552 388 2616; x_wconf 90' lang='lat' dir='ltr'>tibi</span> <span class='ocrx_word' id='word_1_110' title='bbox 407 2550 519 2620; x_wconf 87' lang='lat' dir='ltr'>nimios</span> <span class='ocrx_word' id='word_1_111' title='bbox 539 2548 647 2636; x_wconf 88' lang='lat' dir='ltr'>(scies)</span> <span class='ocrx_word' id='word_1_112' title='bbox 665 2549 793 2618; x_wconf 78' lang='lat' dir='ltr'>dolores</span> 
     </span>
    </p>

    <p class='ocr_par' dir='ltr' id='par_1_14' title="bbox 202 2632 784 2802">
     <span class='ocr_line' id='line_1_23' title="bbox 202 2632 708 2722; baseline 0 -22"><span class='ocrx_word' id='word_1_113' title='bbox 202 2694 206 2712; x_wconf 79' lang='grc'>,</span> <span class='ocrx_word' id='word_1_114' title='bbox 235 2635 335 2722; x_wconf 80' lang='lat' dir='ltr'>Infligi</span> <span class='ocrx_word' id='word_1_115' title='bbox 353 2633 443 2699; x_wconf 87' lang='lat' dir='ltr'>Pater</span> <span class='ocrx_word' id='word_1_116' title='bbox 458 2636 539 2700; x_wconf 88' lang='lat' dir='ltr'>orbis</span> <span class='ocrx_word' id='word_1_117' title='bbox 552 2632 708 2717; x_wconf 83' lang='lat' dir='ltr'>exigebat:</span> 
     </span>
     <span class='ocr_line' id='line_1_24' title="bbox 235 2715 784 2802; baseline 0 -20"><span class='ocrx_word' id='word_1_118' title='bbox 235 2715 351 2785; x_wconf 86' lang='lat' dir='ltr'>Poems</span> <span class='ocrx_word' id='word_1_119' title='bbox 368 2733 400 2792; x_wconf 83' lang='lat' dir='ltr'>re</span> <span class='ocrx_word' id='word_1_120' title='bbox 417 2717 552 2790; x_wconf 81' lang='lat' dir='ltr'>invenies</span> <span class='ocrx_word' id='word_1_121' title='bbox 568 2716 784 2802; x_wconf 84' lang='lat' dir='ltr'>patiminores</span> 
     </span>
    </p>
   </div>
   <div class='ocr_carea' id='block_1_5' title="bbox 237 2801 972 2889">
    <p class='ocr_par' dir='ltr' id='par_1_15' title="bbox 237 2801 972 2889">
     <span class='ocr_line' id='line_1_25' title="bbox 237 2801 972 2889; baseline -0.007 -21"><span class='ocrx_word' id='word_1_122' title='bbox 237 2802 348 2889; x_wconf 82' lang='lat' dir='ltr'>Ingens</span> <span class='ocrx_word' id='word_1_123' title='bbox 367 2801 463 2884; x_wconf 76' lang='lat' dir='ltr'>quim</span> <span class='ocrx_word' id='word_1_124' title='bbox 479 2816 532 2872; x_wconf 81' lang='lat' dir='ltr'>tua</span> <span class='ocrx_word' id='word_1_125' title='bbox 548 2802 642 2882; x_wconf 88' lang='lat' dir='ltr'>culpa</span> <span class='ocrx_word' id='word_1_126' title='bbox 659 2801 880 2872; x_wconf 76' lang='lat' dir='ltr'>commerebat</span> <span class='ocrx_word' id='word_1_127' title='bbox 970 2863 972 2870; x_wconf 76' lang='grc'><strong>,</strong></span> 
     </span>
    </p>
   </div>
   <div class='ocr_carea' id='block_1_6' title="bbox 155 2881 944 4154">
    <p class='ocr_par' dir='ltr' id='par_1_16' title="bbox 196 2881 909 3471">
     <span class='ocr_line' id='line_1_26' title="bbox 196 2881 898 2971; baseline -0.004 -18"><span class='ocrx_word' id='word_1_128' title='bbox 196 2901 216 2970; x_wconf 80' lang='lat'><strong>7</strong></span> <span class='ocrx_word' id='word_1_129' title='bbox 235 2885 289 2953; x_wconf 87' lang='lat' dir='ltr'>An</span> <span class='ocrx_word' id='word_1_130' title='bbox 305 2887 455 2971; x_wconf 81' lang='lat' dir='ltr'>magnum</span> <span class='ocrx_word' id='word_1_131' title='bbox 471 2898 558 2968; x_wconf 88' lang='lat' dir='ltr'>potes</span> <span class='ocrx_word' id='word_1_132' title='bbox 575 2883 687 2966; x_wconf 80' lang='lat' dir='ltr'>assequi</span> <span class='ocrx_word' id='word_1_133' title='bbox 705 2881 898 2966; x_wconf 86' lang='lat' dir='ltr'>Tonantem,</span> 
     </span>
     <span class='ocr_line' id='line_1_27' title="bbox 235 2967 909 3055; baseline -0.004 -20"><span class='ocrx_word' id='word_1_134' title='bbox 235 2970 300 3055; x_wconf 90' lang='lat' dir='ltr'>Qui</span> <span class='ocrx_word' id='word_1_135' title='bbox 316 2970 471 3054; x_wconf 87' lang='lat' dir='ltr'>sceptrum</span> <span class='ocrx_word' id='word_1_136' title='bbox 487 2971 520 3034; x_wconf 89' lang='lat' dir='ltr'>in</span> <span class='ocrx_word' id='word_1_137' title='bbox 535 2968 617 3034; x_wconf 89' lang='lat' dir='ltr'>solio</span> <span class='ocrx_word' id='word_1_138' title='bbox 634 2969 731 3048; x_wconf 86' lang='lat' dir='ltr'>quatit</span> <span class='ocrx_word' id='word_1_139' title='bbox 745 2967 909 3035; x_wconf 89' lang='lat' dir='ltr'>tremendo</span> 
     </span>
     <span class='ocr_line' id='line_1_28' title="bbox 236 3051 822 3140; baseline -0.01 -18"><span class='ocrx_word' id='word_1_140' title='bbox 236 3053 406 3122; x_wconf 78' lang='lat' dir='ltr'>Stellarum</span> <span class='ocrx_word' id='word_1_141' title='bbox 423 3053 559 3140; x_wconf 78' lang='lat' dir='ltr'>globulis</span> <span class='ocrx_word' id='word_1_142' title='bbox 575 3051 690 3116; x_wconf 84' lang='lat' dir='ltr'>nitente</span> <span class='ocrx_word' id='word_1_143' title='bbox 708 3053 822 3116; x_wconf 81' lang='lat' dir='ltr'>claris?</span> 
     </span>
     <span class='ocr_line' id='line_1_29' title="bbox 236 3134 879 3224; baseline -0.011 -20"><span class='ocrx_word' id='word_1_144' title='bbox 236 3137 396 3204; x_wconf 81' lang='lat' dir='ltr'>Anmens</span> <span class='ocrx_word' id='word_1_145' title='bbox 413 3137 519 3221; x_wconf 82' lang='lat' dir='ltr'>impia,</span> <span class='ocrx_word' id='word_1_146' title='bbox 539 3150 628 3223; x_wconf 79' lang='lat' dir='ltr'>vana,</span> <span class='ocrx_word' id='word_1_147' title='bbox 649 3135 750 3224; x_wconf 78' lang='lat' dir='ltr'>stulta,</span> <span class='ocrx_word' id='word_1_148' title='bbox 768 3134 879 3219; x_wconf 81' lang='lat' dir='ltr'>fallar,</span> 
     </span>
     <span class='ocr_line' id='line_1_30' title="bbox 234 3218 707 3304; baseline -0.013 -14"><span class='ocrx_word' id='word_1_149' title='bbox 234 3218 360 3294; x_wconf 64' lang='lat' dir='ltr'>Divina</span> <span class='ocrx_word' id='word_1_150' title='bbox 377 3221 540 3304; x_wconf 79' lang='lat' dir='ltr'>sapientia,</span> <span class='ocrx_word' id='word_1_151' title='bbox 560 3219 707 3300; x_wconf 70' lang='lat' dir='ltr'>equitatis</span> 
     </span>
     <span class='ocr_line' id='line_1_31' title="bbox 236 3303 756 3389; baseline -0.01 -17"><span class='ocrx_word' id='word_1_152' title='bbox 236 3306 372 3388; x_wconf 79' lang='lat' dir='ltr'>Amplae‚</span> <span class='ocrx_word' id='word_1_153' title='bbox 390 3305 522 3389; x_wconf 64' lang='lat' dir='ltr'>iustitie,</span> <span class='ocrx_word' id='word_1_154' title='bbox 542 3303 756 3387; x_wconf 78' lang='lat' dir='ltr'>potentieque,</span> 
     </span>
     <span class='ocr_line' id='line_1_32' title="bbox 239 3383 885 3471; baseline -0.011 -15"><span class='ocrx_word' id='word_1_155' title='bbox 239 3389 431 3458; x_wconf 86' lang='lat' dir='ltr'>Immensum</span> <span class='ocrx_word' id='word_1_156' title='bbox 437 3388 612 3471; x_wconf 81' lang='lat' dir='ltr'>‘penetrabit</span> <span class='ocrx_word' id='word_1_157' title='bbox 629 3387 660 3449; x_wconf 90' lang='lat' dir='ltr'>in</span> <span class='ocrx_word' id='word_1_158' title='bbox 676 3383 885 3470; x_wconf 76' lang='lat' dir='ltr'>profundum?</span> 
     </span>
    </p>

    <p class='ocr_par' dir='ltr' id='par_1_17' title="bbox 192 3467 768 3553">
     <span class='ocr_line' id='line_1_33' title="bbox 192 3467 768 3553; baseline -0.021 -7"><span class='ocrx_word' id='word_1_159' title='bbox 192 3467 214 3546; x_wconf 70' lang='grc' dir='ltr'>θ</span> <span class='ocrx_word' id='word_1_160' title='bbox 234 3473 353 3541; x_wconf 82' lang='lat' dir='ltr'>Forsan</span> <span class='ocrx_word' id='word_1_161' title='bbox 371 3474 467 3539; x_wconf 82' lang='lat' dir='ltr'>srdera</span> <span class='ocrx_word' id='word_1_162' title='bbox 484 3471 568 3536; x_wconf 85' lang='lat' dir='ltr'>celsa</span> <span class='ocrx_word' id='word_1_163' title='bbox 586 3471 768 3553; x_wconf 84' lang='lat' dir='ltr'>permeabis‚</span> 
     </span>
    </p>

    <p class='ocr_par' dir='ltr' id='par_1_18' title="bbox 155 3551 944 4154">
     <span class='ocr_line' id='line_1_34' title="bbox 231 3551 823 3640; baseline -0.02 -15"><span class='ocrx_word' id='word_1_164' title='bbox 231 3555 277 3625; x_wconf 79' lang='lat' dir='ltr'>Et</span> <span class='ocrx_word' id='word_1_165' title='bbox 292 3561 379 3634; x_wconf 76' lang='lat' dir='ltr'>coelo</span> <span class='ocrx_word' id='word_1_166' title='bbox 397 3571 491 3640; x_wconf 84' lang='lat' dir='ltr'>caput</span> <span class='ocrx_word' id='word_1_167' title='bbox 505 3555 632 3633; x_wconf 62' lang='lat' dir='ltr'>iussorem</span> <span class='ocrx_word' id='word_1_168' title='bbox 652 3551 704 3617; x_wconf 90' lang='lat' dir='ltr'>sed</span> <span class='ocrx_word' id='word_1_169' title='bbox 717 3554 823 3635; x_wconf 86' lang='lat' dir='ltr'>illum,</span> 
     </span>
     <span class='ocr_line' id='line_1_35' title="bbox 234 3637 846 3726; baseline -0.011 -19"><span class='ocrx_word' id='word_1_170' title='bbox 234 3642 301 3726; x_wconf 86' lang='lat' dir='ltr'>Qui</span> <span class='ocrx_word' id='word_1_171' title='bbox 320 3644 442 3709; x_wconf 85' lang='lat' dir='ltr'>coelum</span> <span class='ocrx_word' id='word_1_172' title='bbox 460 3639 536 3726; x_wconf 83' lang='lat' dir='ltr'>regit</span> <span class='ocrx_word' id='word_1_173' title='bbox 556 3638 726 3718; x_wconf 87' lang='lat' dir='ltr'>arduasque</span> <span class='ocrx_word' id='word_1_174' title='bbox 744 3637 846 3702; x_wconf 83' lang='lat' dir='ltr'>stellas</span> 
     </span>
     <span class='ocr_line' id='line_1_36' title="bbox 236 3685 944 3811; baseline -0.008 -19"><span class='ocrx_word' id='word_1_175' title='bbox 236 3727 292 3792; x_wconf 83' lang='lat' dir='ltr'>An</span> <span class='ocrx_word' id='word_1_176' title='bbox 309 3727 469 3800; x_wconf 89' lang='lat' dir='ltr'>summum</span> <span class='ocrx_word' id='word_1_177' title='bbox 483 3722 642 3811; x_wconf 82' lang='lat' dir='ltr'>attigeris?</span> <span class='ocrx_word' id='word_1_178' title='bbox 668 3724 718 3793; x_wconf 80' lang='lat' dir='ltr'>vel</span> <span class='ocrx_word' id='word_1_179' title='bbox 737 3722 769 3786; x_wconf 92' lang='lat' dir='ltr'>ln</span> <span class='ocrx_word' id='word_1_180' title='bbox 786 3685 944 3804; x_wconf 60' lang='lat' dir='ltr'>profundet</span> 
     </span>
     <span class='ocr_line' id='line_1_37' title="bbox 233 3807 863 3897; baseline -0.011 -19"><span class='ocrx_word' id='word_1_181' title='bbox 233 3809 268 3878; x_wconf 86' lang='lat' dir='ltr'>Si</span> <span class='ocrx_word' id='word_1_182' title='bbox 284 3808 421 3877; x_wconf 83' lang='lat' dir='ltr'>fundum</span> <span class='ocrx_word' id='word_1_183' title='bbox 438 3807 638 3892; x_wconf 78' lang='lat' dir='ltr'>penetraveris</span> <span class='ocrx_word' id='word_1_184' title='bbox 656 3807 812 3897; x_wconf 82' lang='lat' dir='ltr'>gehennae,</span> <span class='ocrx_word' id='word_1_185' title='bbox 860 3838 863 3842; x_wconf 84' lang='grc'><strong><em>·</em></strong></span> 
     </span>
     <span class='ocr_line' id='line_1_38' title="bbox 234 3889 800 3977; baseline -0.012 -17"><span class='ocrx_word' id='word_1_186' title='bbox 234 3889 346 3960; x_wconf 90' lang='lat' dir='ltr'>Divini</span> <span class='ocrx_word' id='word_1_187' title='bbox 363 3893 416 3960; x_wconf 92' lang='lat' dir='ltr'>tibi</span> <span class='ocrx_word' id='word_1_188' title='bbox 433 3893 588 3977; x_wconf 85' lang='lat' dir='ltr'>pervenire</span> <span class='ocrx_word' id='word_1_189' title='bbox 605 3889 652 3963; x_wconf 83' lang='lat' dir='ltr'>fas</span> <span class='ocrx_word' id='word_1_190' title='bbox 668 3891 710 3955; x_wconf 90' lang='lat' dir='ltr'>est</span> <span class='ocrx_word' id='word_1_191' title='bbox 799 3905 800 3912; x_wconf 53' lang='lat'>¹</span> 
     </span>
     <span class='ocr_line' id='line_1_39' title="bbox 235 3974 845 4144; baseline -0.007 -99"><span class='ocrx_word' id='word_1_192' title='bbox 235 3977 290 4053; x_wconf 71' lang='lat' dir='ltr'>Ad</span> <span class='ocrx_word' id='word_1_193' title='bbox 308 3985 450 4072; x_wconf 55' lang='lat' dir='ltr'>plantam</span> <span class='ocrx_word' id='word_1_194' title='bbox 463 3974 733 4144; x_wconf 53' lang='grc' dir='ltr'>μᾶζεὲἆῃὲεηῖνε</span> <span class='ocrx_word' id='word_1_195' title='bbox 753 3987 845 4050; x_wconf 80' lang='lat' dir='ltr'>cuttu</span> 
     </span>
     <span class='ocr_line' id='line_1_40' title="bbox 155 4079 676 4154; baseline -0.019 -15"><span class='ocrx_word' id='word_1_196' title='bbox 155 4081 161 4139; x_wconf 82' lang='lat'>‘.</span> <span class='ocrx_word' id='word_1_197' title='bbox 251 4087 269 4154; x_wconf 69' lang='lat'>²¹,</span> <span class='ocrx_word' id='word_1_198' title='bbox 614 4079 636 4143; x_wconf 77' lang='lat' dir='ltr'>q</span> <span class='ocrx_word' id='word_1_199' title='bbox 656 4079 676 4129; x_wconf 77' lang='lat'><em>2</em></span> 
     </span>
    </p>
   </div>
   <div class='ocr_carea' id='block_1_7' title="bbox 1055 4043 1168 4138">
    <p class='ocr_par' dir='ltr' id='par_1_19' title="bbox 1055 4043 1168 4138">
     <span class='ocr_line' id='line_1_41' title="bbox 1055 4043 1168 4138; baseline 0 -24"><span class='ocrx_word' id='word_1_200' title='bbox 1055 4043 1168 4138; x_wconf 71' lang='lat' dir='ltr'>Metiri</span> 
     </span>
    </p>
   </div>
   <div class='ocr_carea' id='block_1_8' title="bbox 0 0 1564 4842">
    <p class='ocr_par' dir='ltr' id='par_1_20' title="bbox 0 0 1564 4842">
     <span class='ocr_line' id='line_1_42' title="bbox 0 0 1564 4842; baseline 0 0"><span class='ocrx_word' id='word_1_201' title='bbox 0 0 1564 4842; x_wconf 95' lang='lat' dir='ltr'> </span> 
     </span>
    </p>
   </div>
  </div>
 </body>
</html>
