3117 4842
382 467 461 562 568
741 438 1018 567 J6ll‘1'

471 731 477 742 ’
615 713 746 822 CA
786 713 849 827 P.
906 706 1138 822 xxxvll

532 937 567 1003 Ic
583 927 678 998 corda
693 926 820 1014 trepido.
828 928 976 1014 palpitant
990 931 1079 997 nobis
1094 943 1195 1014 metu‚·

448 941 531 1098 H
550 1016 592 1086 Et
606 1014 837 1082 comminantur
850 1014 997 1080 nanfilire
1012 1012 1148 1099 penora.

407 1115 428 1177 ὲ
447 1101 573 1185 Adeste,
581 1117 698 1166 vocem
713 1098 817 1164 audite
833 1096 931 1164 Patris
947 1099 1072 1182 optimi:

448 1188 587 1268 Vocem,
607 1183 722 1250 sonoro
738 1199 836 1264 quam
850 1180 1013 1267 profundit
1022 1194 1197 1252 murmure:

272 1295 275 1304 ·
406 1293 426 1362 3
447 1269 505 1335 Per
518 1267 603 1335 vasta
620 1269 697 1336 coeli
714 1266 808 1350 spatia
823 1267 968 1350 convexi,
988 1263 1064 1334 Deo

447 1351 576 1438 Erum,
585 1352 690 1438 ruptis
704 1349 837 1416 nubium
851 1351 1016 1438 repagulis,

447 1437 581 1504 Siouofa
599 1439 732 1502 flanmroe
751 1435 896 1500 curfitant
912 1434 1089 1523 volumina,

448 1519 490 1588 Et
506 1521 588 1586 orbis
604 1540 675 1588 oras
691 1519 829 1586 territant
842 1518 1042 1603 longiffimas.

405 1626 428 1691 4
447 1601 511 1670 Dei
527 1624 582 1688 per
597 1604 707 1670 orbem
722 1621 785 1668 vox
801 1601 913 1668 deinde
923 1602 1065 1685 personat

448 1683 587 1754 Tonitru
608 1685 783 1768 tremendo,
800 1704 865 1766 quo
875 1689 967 1769 polos
977 1686 1172 1773 dirumpitur,

448 1774 527 1858 Qno
541 1786 621 1837 terra
634 1771 717 1836 vasta
732 1771 881 1853 quatitur,¹
898 1771 929 1836 ἃ
944 1770 1077 1836 vitreum
1092 1772 1215 1846 falum:¹

447 1854 591 1938 Lattque
605 1871 711 1920 rerum
726 1853 871 1918 conditor
884 1853 975 1937 pleni
992 1869 1089 1923 manu

447 1939 573 2006 Globos
587 1935 723 2004 refundit
734 1935 907 2003 fulminum
916 1939 1064 2006 rotatiles.

406 2041 427 2110 5
446 2019 511 2103 Dei
527 2042 581 2106 per
597 2023 706 2087 orbem
721 2039 785 2087 vox
795 2021 955 2088 trctnenda
969 2037 1005 2088 nt
1020 2025 1160 2108 personat

449 2107 585 2192 Fragore
599 2125 697 2171 rauco
709 2103 883 2171 fulminum
898 2110 1102 2193 crepantium,

342 2267 346 2274 ,
444 2190 621 2275 splendore
636 2194 724 2254 claro
738 2187 901 2275 fulgurum
915 2192 1111 2276 micantium,

448 2275 554 2342 Aures
571 2273 602 2340 ἃ
617 2275 729 2340 oculos
747 2288 885 2356 occupat
897 2272 1029 2340 cunnos
1046 2277 1146 2359 stupor
1162 2282 1177 2345 f

445 2355 597 2426 Miranda
613 2355 772 2424 Dominus
788 2372 948 2442 perpetrat,
968 2377 1036 2442 quo
1051 2361 1174 2428 lumine·

450 2441 549 2510 Mens
567 2440 667 2506 nostra
678 2442 769 2538 lippo
785 2459 851 2506 non
863 2443 978 2508 valebit
994 2441 1121 2526 alltqui.

408 2531 431 2596 6
449 2525 518 2592 Nix
533 2543 611 2589 cana
626 2526 719 2587 molli
735 2524 822 2589 vestit
838 2542 927 2609 agros
941 2527 1075 2610 vellere,

445 2613 511 2682 Illo
524 2609 652 2692 jubente
668 2608 698 2674 ἀ
713 2607 819 2690 pluvia
832 2609 921 2672 eoelo
934 2608 1068 2695 devenit,

447 2691 552 2760 Nunc
568 2710 661 2776 parca
673 2692 757 2758 tenui
773 2692 804 2758 br
818 2691 905 2756 tarda
915 2709 1044 2760 manans
1059 2699 1193 2785 guttult,

451 2778 493 2846 Et
507 2796 592 2844 nunc
607 2775 736 2860 profufis
750 2775 914 2842 verberans
928 2775 1010 2844 tetta
1025 2779 1184 2848 imbribus.

411 2880 430 2946 7
449 2863 599 2930 Humana
612 2877 687 2925 tunc
727 2879 782 2924 ens
798 2860 910 2925 tota-se
927 2861 1050 2928 confert
1067 2865 1214 2952 domum,

452 2947 479 3012 F
481 2945 611 3028 orefque
626 2947 678 3010 cla
722 2941 754 3027 it,
770 2942 863 3008 dour
878 2944 970 3010 variis
987 2948 1113 3032 artibus,

452 3029 492 3098 U
495 3044 507 3094 t
523 3028 626 3094 omnis
643 3045 743 3092 unum
758 3027 867 3094 nofcat
881 3029 1035 3096 artificem
1050 3029 1169 3098 Deum.

410 3109 430 3179 8
451 3105 547 3177 Tunc
564 3113 594 3176 br
610 3108 748 3174 ferarum
762 3127 830 3176 tota
840 3130 917 3196 gena
931 3113 1110 3180 filvefirium

450 3193 543 3262 Antii
560 3194 592 3260 in
603 3193 741 3259 recellas
754 3194 880 3277 corripit
892 3197 1025 3293 gradum
1042 3198 1186 3285 intimo&

403 3283 405 3290 “
450 3279 492 3346 Et
507 3276 612 3344 clausa
628 3278 719 3342 caeeis
735 3278 767 3342 in
783 3297 922 3345 cavernis
937 3281 1054 3347 delitet.

339 3413 341 3420 s
408 3363 562 3449 9Anster
576 3360 674 3442 feroci
687 3361 786 3428 fibilat
800 3380 876 3427 cnm
889 3381 1063 3451 murmure,
1196 3405 1199 3408 ·

451 3449 603 3532 Gquue
620 3446 760 3530 stipulam
777 3445 873 3513 uenit
886 3449 1005 3516 affiduo
1022 3454 1149 3519 levem:

451 3531 496 3602 At
511 3532 653 3596 membra
668 3530 783 3599 Boreas
800 3530 915 3620 {ningit
929 3534 994 3598 acri
1009 3531 1139 3622 frigore.¹

391 3633 435 3685 ro
448 3615 503 3684 Ab
518 3635 573 3680 ore
588 3614 703 3681 summi
718 3617 810 3700 spirat
827 3636 903 3682 aura
915 3619 1070 3700 numinis,

447 3697 571 3784 Brumae
586 3701 721 3786 rigorem
736 3720 807 3782 quae
820 3699 943 3766 reducit
956 3701 1110 3798 asperum,

449 3783 492 3853 Et
506 3779 620 3850 euntia
634 3783 722 3870 pigro
738 3785 843 3868 stagna
857 3782 1013 3848 connefbt
1026 3788 1112 3870 gelu.

338 3893 341 3900 ·
390 3865 594 3947 11Nebulas
611 3865 1058 3953 aquofrsnepluondodiluitp

450 3952 493 4020 Et
506 3945 697 4039 fulgurantes
713 3947 833 4031 diffipat
850 3950 1032 4018 nubeculas.

390 4057 429 4108 12.
450 4031 610 4119 Utrafque
620 4033 696 4102 vero
710 4047 861 4120 temperat
876 4049 979 4110 terrun
990 4030 1109 4106 Patent

1310 4111 1372 4220 Sic,
