3117 4842
382 431 460 542 '410
623 418 1133 506 nccnnsrasm

449 568 540 660 sapt
561 569 662 638 modo
678 569 767 638 limiti
783 583 838 635 tua
853 582 884 634 te
899 583 992 636 mens
1012 567 1142 636 conscia
1154 566 1245 638 notit

447 655 619 729 Devoviffe
635 655 766 738 aliun&
790 652 904 718 eodem
923 653 1055 717 crimine
1072 653 1234 721 damnat:

450 745 520 812 Cur
535 741 699 807 aliotnme
735 739 758 802 ὸ
775 737 808 800 in
822 737 906 802 vitiis
922 753 990 802 tarn
1008 738 1111 804 cernis
1129 738 1289 806 acutium?

388 848 430 917 ²3
452 826 577 896 Cunila
596 827 659 888 hae
676 823 708 904 ip
722 843 739 886 e
755 821 903 904 equidem
920 821 1021 888 lindio
1039 821 1189 903 prudente
1205 825 1337 892 notarit

451 911 551 980 Tunc
568 927 627 994 ego
644 907 729 971 celsa
745 921 818 989 tua,
835 906 912 988 diri,
929 905 1098 989 sapientia!
1120 907 1200 972 ledit

451 993 602 1063 Gultnlna
618 991 820 1088 contingam:
845 989 898 1086 fed
916 1007 969 1088 nte
986 1007 1077 1088 inens
1092 1009 1173 1056 vana
1188 989 1311 1058 fefellit.

389 1101 431 1166 ²⁴
451 1074 1283 1257 iilffiliffiiilwffnfissii’n
1299 1163 1350 1229 tn

388 1268 429 1333 25
449 1245 512 1316 Sed
528 1243 604 1312 licet
613 1243 753 1310 obscum
771 1245 887 1308 lateant
900 1257 950 1309 tot
965 1242 1072 1308 clausa
1088 1243 1143 1308 sub
1163 1247 1293 1326 umbrie,

450 1324 489 1396 N
492 1349 533 1395 on
550 1342 658 1393 tamen
674 1327 792 1412 abjicio
809 1341 960 1409 mentem,
980 1327 1153 1393 studiumve
1171 1331 1327 1415 relinquen
1465 1328 1466 1337 ’

452 1413 616 1481 Nobiliter
633 1411 781 1499 generofa
796 1411 893 1481 animi
909 1431 974 1474 non
989 1409 1090 1476 stadia
1107 1414 1207 1479 labori

451 1495 638 1580 Succubuit,
651 1495 774 1562 ceditve
790 1496 883 1560 matie
898 1515 907 1562 ε
925 1495 1067 1580 mysteria
1083 1513 1187 1561 retum

453 1582 558 1668 Pergit
575 1581 768 1648 &meulent
785 1578 877 1643 avidi
893 1579 1070 1678 perquirere
1085 1581 1218 1664 canisae,

455 1664 835 1838 nimandin
843 1663 1095 1845 litim
1105 1680 1238 1814 'itte

392 1835 435 1904 26
453 1832 546 1900 Tum
566 1832 647 1898 vetit
661 1833 824 1898 inventum
833 1833 876 1896 eil
887 1832 1006 1913 aliquid
1022 1831 1099 1896 mihi
1115 1834 1278 1899 mtevel
1293 1831 1350 1918 ipsi

456 1918 557 1998 Fellie
571 1918 681 1982 iubere
696 1917 808 2000 magis,
826 1917 952 1999 mulier,
966 1935 1037 1996 quoe
1051 1915 1182 1982 subdote
1202 1916 1300 1984 corde
1320 1919 1367 2002 est,

456 2001 681 2082 Blanditiisque
696 2000 759 2064 snit
775 1999 907 2084 iuvenili
924 2001 1000 2064 retia
1014 2001 1109 2066 turbe
1429 2083 1431 2086 y
1465 2034 1466 2083 l

463 2086 589 2168 Sternit,
611 2085 832 2165 &inlaqneos
850 2084 999 2148 miserum
1013 2080 1133 2149 seducit
1150 2099 1319 2172 amantem,
1464 2136 1466 2174 2

463 2168 639 2237 Sedudlutn
655 2169 749 2250 capit,
766 2184 895 2249 captum
905 2187 1032 2249 qnoque
1047 2168 1182 2236 detinet:
1203 2170 1296 2238 illam

464 2254 617 2342 Effugiet,
636 2253 728 2336 cu'jus
745 2249 881 2315 Domini
896 2254 1065 2318 reuerentia
1080 2251 1187 2335 pedus

466 2339 596 2422 Incolit,
616 2338 658 2402 ast
676 2337 724 2400 illi
744 2336 911 2400 sceleratus
934 2337 1035 2419 prada
1047 2335 1227 2404 futuraell:

465 2423 563 2490 Hunc
581 2421 750 2486 meretricis
766 2437 856 2483 antor
869 2419 982 2486 vinclis
999 2420 1177 2504 constringit
1199 2422 1316 2505 altenis,

468 2507 632 2585 stultaque
647 2503 809 2566 mellifluis
826 2503 1102 2586 captivat'pedlora
1117 2503 1220 2569 didlis⁴

400 2609 440 2679 27
461 2593 536 2656 Hoc
555 2605 682 2669 quoqne
697 2600 894 2666 compertum
910 2588 953 2651 est
972 2588 1117 2654 scrutanti
1135 2591 1252 2676 lingula
1267 2607 1378 2673 rerum,

463 2673 681 2753 Lustrantique
697 2673 803 2736 oeulis
825 2669 934 2752 paffitn
948 2673 1092 2737 mortalia
1115 2674 1196 2755 fiais,

192 2781 193 2785 ,
276 2817 278 2822 Ι
400 2759 444 2832 28
466 2759 517 2826 Ut
534 2773 701 2823 numerum
717 2754 847 2836 reperire
864 2775 989 2840 queam,
1005 2775 1101 2840 quem
1123 2777 1258 2840 quarere
1275 2757 1379 2840 persto,
1464 2780 1465 2843 3

471 2841 617 2922 (Dixerat
634 2839 825 2920 admonitor)
845 2838 898 2902 sed
917 2841 1019 2905 adhuc
1037 2859 1126 2906 mens
1143 2842 1248 2906 nescia
1263 2842 1328 2906 veri

468 2929 586 3008 lieret,
603 2925 633 2990 dt
651 2923 799 3010 ambiguo
815 2922 947 3006 trepidat
962 2925 1109 2990 sententia
1125 2942 1226 3010 motu,

473 3011 591 3078 Unum
613 3009 644 3074 in
661 3009 751 3072 mille
767 3007 842 3072 viris
864 3008 1005 3088 aliquem
1021 3010 1211 3092 quandoque
1226 3011 1342 3095 notavi,

472 3091 603 3157 Pediore
620 3093 785 3174 fincerum,
801 3092 831 3155 dt
845 3111 924 3155 verae
940 3094 1059 3174 pterarir
1076 3109 1248 3176 amantem,

471 3175 537 3243 Sed
552 3191 616 3239 non
632 3175 772 3240 leminea
790 3174 864 3236 mihi
878 3191 966 3240 tanto
982 3196 1022 3240 ex
1040 3179 1164 3263 agmine
1177 3181 1274 3244 turbu

473 3258 588 3328 Unica
603 3257 667 3324 visa
683 3259 754 3342 fuit,
775 3259 890 3323 fincert
906 3261 1030 3342 praedita
1045 3277 1161 3348 mente,
1199 3297 1203 3300 ·
1268 3277 1272 3284 ’

474 3345 587 3412 Intima
604 3343 699 3408 corda
715 3363 822 3430 gerens
840 3344 961 3410 blandae
978 3344 1155 3411 conformia
1170 3346 1296 3433 linguae.

404 3449 446 3518 ²9
465 3427 547 3496 Non
557 3427 680 3514 polium
688 3427 1384 3515 innumerasseeterumcomprendereformas,

467 3513 691 3595 Nequitiaeque
706 3513 821 3578 modos
835 3513 951 3598 tanos,
968 3514 1146 3597 fraudisque
1162 3517 1326 3602 ntalignae5

468 3600 544 3665 Huc
563 3596 648 3663 certi
666 3599 808 3664 humanu
823 3596 922 3662 vincit
935 3600 1101 3664 molimina
1121 3600 1234 3666 mentis
1246 3620 1255 3666 τ
1269 3608 1283 3635 ’-

468 3683 543 3768 Qua
559 3696 664 3748 tamen
680 3684 745 3748 haec
763 3683 862 3766 prima
877 3683 1001 3746 veniant
1016 3683 1055 3745 ab
1073 3683 1202 3769 origine,
1225 3683 1344 3750 nostros

467 3767 594 3834 Eminet
605 3782 675 3832 anre
690 3768 805 3832 uentos
821 3763 986 3830 manifesto
996 3766 1028 3829 in
1040 3767 1176 3851 lumine,
1193 3769 1303 3834 sexum
1402 3795 1404 3803 ·

469 3851 560 3918 Fecit
576 3867 743 3931 utrumque
754 3847 844 3914 Deus
861 3847 1056 3933 fedumque,
1066 3853 1097 3917 dt
1109 3853 1241 3918 crimine
1256 3867 1383 3939 pneuma

470 3937 580 4002 Ambo
594 3952 698 3999 tamen
715 3931 818 3996 subito
833 3932 920 3998 tedio
936 3935 975 3996 de
986 3937 1107 4002 tramite
1151 3934 1233 4005 effus

469 4016 635 4087 Deflextre
652 4017 735 4102 suot,
752 4015 861 4104 Stygio
877 4017 1022 4104 serpentis
1036 4022 1078 4086 ab
1135 4041 1158 4096 u

1335 4100 1386 4173 Se·
