3117 4842
396 409 633 483 Paeana.
658 391 925 477 Poann'cnz
1111 424 1188 504 4³¹!

235 545 332 624 Nam
348 549 460 631 quales
475 543 571 610 trudit
585 561 727 630 gemmas
738 540 913 610 'Sodomae
929 554 1078 636 propago,
1103 556 1107 563 “
1169 559 1175 584 ··

226 635 244 699 t'
258 631 470 700 Gomorrhaeis
487 628 640 694 livescunt
655 629 792 694 collibus
817 649 897 712 uva,
914 675 919 682 -
1072 638 1075 646 '
1143 662 1147 671 ,

234 718 294 783 alis
311 719 349 783 ab
367 718 424 782 hac
442 713 546 779 radice
564 713 640 778 mni
656 712 831 778 densissima·
846 714 921 780 silva

193 793 344 884 Erumpit
358 821 366 867 :
386 800 603 879 scelerumque
616 795 871 863 ferax'labr'uscat
879 817 1024 866 racemos

175 881 276 952 ·Fert
295 883 369 950 tristi
381 881 516 955 infames
533 881 643 948 succo.
669 878 767 948 Non
781 879 866 948 fellis
883 887 980 949 amari
1047 923 1050 930 -

196 965 312 1034 Noxia
327 970 388 1052 vis,
406 988 472 1034 non
487 966 553 1036 dira
569 966 705 1051 aconita,
725 981 778 1032 aut
796 967 1070 1049 quidquidacerbi

198 1053 326 1140 Anguis
343 1055 400 1117 alit
414 1051 512 1136 venis,
532 1066 586 1116 aut
602 1051 667 1118 inu
681 1051 785 1134 vipera
799 1051 901 1126 savos

197 1137 400 1204 crudescens
414 1137 504 1221 jacit,
524 1135 656 1201 illorum
672 1135 974 1201 contendatacerbis

201 1217 382 1306 Ftudtibus,
399 1235 452 1294 aut
474 1219 580 1291 baccis
597 1219 744 1285 vitiorum
761 1235 858 1286 certet
872 1221 997 1288 amaris.
1104 1235 1109 1243 ·
1159 1263 1163 1271 ·

249 1303 369 1371 Nonne
386 1306 450 1383 hac
466 1303 580 1376 cuneta
594 1322 673 1368 mea
688 1302 1021 1370 conservant-condita
1041 1313 1144 1411 celin,
1178 1377 1184 1384 ,

202 1388 282 1470 ,obn
302 1403 438 1472 nantque
452 1387 550 1466 seta?
571 1389 647 1452 mihi
662 1387 709 1454 fat
727 1389 910 1472 depromere
925 1389 984 1454 soli
999 1412 1009 1455 t
1033 1407 1037 1416 ·
1113 1471 1116 1474 ἦ
1134 1414 1136 1417 ·

204 1473 260 1540 Mi
277 1493 347 1538 cere
362 1473 531 1554 undantem
549 1487 707 1556 pateram:
728 1473 767 1537 de
787 1471 866 1538 face
890 1471 1040 1541 bibendos

204 1557 343 1643 Porgete
359 1557 487 1632 lethales
510 1555 647 1629 succos:
668 1556 751 1622 unde
767 1558 881 1642 impius
896 1558 1000 1624 omnis
1028 1568 1032 1572 “

88 1715 94 1736 ,
205 1643 340 1709 Hauriat
356 1642 495 1726 exitium,
516 1640 664 1710 &fundo
677 1640 709 1706 se
725 1646 849 1725 proluat
863 1642 969 1710 imor'
989 1647 992 1651 '

207 1725 302 1793 Dum
317 1725 446 1792 titubata
460 1738 554 1790 ruunt
570 1724 668 1791 dubio
687 1727 759 1791 vesti
783 1727 811 1790 ia
829 1728 926 1808 lapsu.

207 1810 302 1883 Instat
316 1809 438 1874 summa
454 1809 532 1891 dies,
552 1809 652 1891 instat,
668 1807 734 1872 fera
762 1824 813 1874 ata
834 1811 1050 1894 propinquant.

251 1894 375 1977 Quippe
390 1893 474 1976 suos,
484 1893 548 1975 post
565 1905 612 1974 tot
624 1891 730 1956 clades
743 1898 785 1964 'ac
804 1893 871 1955 dira
887 1893 1056 1978 cadentum

208 1977 344 2060 Fuiiera,
361 1976 428 2058 post
443 1975 547 2038 varios
562 1974 701 2054 bellique
715 1973 860 2060 fugaque
877 1977 1012 2060 labores,
1086 1972 1091 1980 ’

210 2062 336 2128 Arbiter
352 2057 491 2122 atherius
508 2056 589 2122 solio
605 2061 745 2138 placatus
759 2059 799 2120 ab
815 2061 881 2122 alto

200 2142 370 2226 ,Respiciet
385 2139 494 2228 fessos:
515 2139 556 2223 ἃ,
573 2139 640 2222 opis
656 2139 818 2206 miseratus
835 2161 961 2227 egenos,

210 2229 289 2342 Jura
305 2225 326 2290 d
345 2223 389 2288 bit
407 2223 563 2308 sceletum
583 2222 709 2309 vindex,
728 2239 877 2307 uterque
898 2225 956 2312 suq
1027 2222 1053 2301 ,¹

254 2247 494 2392 Hisdoste'min'
512 2295 693 2375 effitdittls:
757 2309 788 2374 bi
805 2307 935 2376 numina
948 2325 1003 2378 tan
1023 2305 1093 2400 em,
1123 2372 1156 2384 ,.

211 2390 358 2460 Numina
373 2328 639 2480 magnat‘Denm?
656 2391 767 2476 quibus
785 2394 816 2460 dr
831 2394 899 2478 spes
915 2394 1024 2482 vestra,
1035 2396 1175 2487 fidesque
1290 2421 1294 2427 ·

210 2476 401 2546 Nixafuit?
422 2495 558 2560 quotum
574 2475 716 2562 dapibus,
733 2496 809 2544 cum
825 2481 902 2545 flore
917 2477 1029 2567 Lyaeo,
1251 2523 1255 2529 -

213 2561 384 2652 Pinguibus
401 2562 525 2646 expleti,
541 2575 645 2646 cautos
660 2559 815 2637 madastis
835 2563 877 2628 ad
893 2582 962 2629 aras

213 2647 369 2734 Ingentes,
392 2646 564 2730 paterisque
580 2657 705 2712 metum
721 2645 836 2712 libastis'
853 2649 884 2713 dt
901 2648 999 2714 auro?

213 2727 398 2832 Exsurgant,
418 2731 451 2794 in
466 2731 550 2794 bella
566 2745 679 2797 ruant:
699 2733 935 2816 glomerentque
952 2732 1009 2797 sub
1025 2730 1120 2824 armis

215 2814 370 2906 Auxiltp:
392 2813 582 2898 obtentuque
598 2814 644 2879 sui
659 2832 716 2880 vos
732 2803 868 2885 numinis
886 2820 1041 2884 umnreat.

259 2897 332 2985 Me,
344 2917 410 2982 me,
429 2899 539 2963 adsum
557 2898 610 2981 qui
632 2897 707 2985 secl,
727 2899 760 2964 in
774 2917 827 2964 me
844 2901 1015 2967 convertite
1029 2901 1154 2986 vultus*

217 2981 359 3068 Oraque,
382 2984 413 3050 dr
435 2997 565 3048 attentas
584 2983 702 3066 intento
717 2984 835 3049 lumine
857 2999 1000 3052 mentes:

217 3059 346 3134 'Gemite
356 3085 419 3154 me,
429 3084 500 3130 mea
514 3049 699 3135 vis'omnis:
720 3067 795 3132 nihil
807 3068 861 3132 ista
875 3088 933 3134 nec
950 3063 1059 3151 ausint,
1161 3069 1179 3090 ‘¹

216 3149 294 3226 Nec
312 3153 452 3235 poterint.
479 3148 581 3236 Deus,
600 3169 678 3234 ecce
694 3149 801 3219 Deus!
824 3153 877 3234 qui
889 3155 1023 3218 'vulnera
1040 3155 1105 3239 figo

218 3233 312 3304 Dura
333 3241 440 3317 uranu,
457 3249 549 3316 atque
564 3235 686 3319 eadem,
708 3255 903 3318 quamquam
918 3238 1055 3320 lethalia,
1070 3235 1157 3313 sano.

218 3317 315 3404 Solus¹
333 3339 393 3406 ego
408 3319 509 3384 sontes
526 3318 644 3384 animas
661 3319 701 3383 ad
717 3320 811 3385 tristia
827 3321 922 3386 trudo
1130 3322 1132 3330 ’

219 3394 375 3476 Tartara:
395 3401 541 3481 rursus&
558 3397 685 3484 infernis
702 3423 761 3489 ego
775 3404 862 3469 solut
878 3405 918 3467 ab
937 3402 1059 3492 umbris

218 3485 376 3640 &flentes
392 3505 509 3554 revoco
523 3485 634 3554 dulces
651 3485 827 3551 in'luminis
842 3507 943 3553 auras.

258 3571 401 3656 ovinam,
426 3575 592 3653 tolloque:
614 3571 644 3636 dt
660 3570 781 3636 lumina
796 3586 899 3635 morte
915 3571 1033 3657 refigno
1052 3593 1062 3642 τ

83 3697 84 3702 =
221 3647 299 3722 Nec
313 3651 386 3737 quis
402 3655 562 3722 u'amhanc
579 3653 1206 3750 dextran‚qulvi,quafraude‚porenters
1259 3711 1268 3724 .

221 3737 370 3825 Effugiat.
427 3754 544 3805 exuam
562 3743 709 3810 attollens
730 3739 770 3804 ad
786 3738 882 3807 fidera
896 3739 1007 3808 fabor:

84 3857 85 3866 κ
222 3823 277 3902 δίο
296 3813 409 3890 aterni
426 3825 499 3887 mihi
517 3827 648 3913 longum
665 3823 721 3890 stet
736 3825 799 3890 vita
813 3845 867 3909 per
883 3845 996 3909 mum,

223 3907 259 3978 si
275 3905 370 3996 gladii
386 3905 537 3993 fulgentis
553 3907 646 3975 acuti
664 3909 790 3993 cuspide
806 3913 948 3976 lamnam
989 3935 993 3958 ³

222 3985 355 4101 ἕψῃ,
370 3989 570 4098 ipsaniam,
589 3994 620 4063 u
639 3993 763 4080 populis
780 3993 855 4066 dare
873 3993 947 4081 jura
959 3991 1214 4178 voc²tfgoepem
