3117 4842
370 483 449 556 ²24
739 447 1022 558 JOB!

382 594 509 665 Siccine
525 609 602 660 curt
620 588 675 658 tibi
690 590 746 674 etl,
764 592 908 678 ambages
922 591 1044 662 turtur
1057 593 1207 668 standum

383 681 540 761 innocuo,
559 675 747 762 proprieque
764 675 906 744 effictum
922 697 1051 745 munere
1065 680 1178 750 dextre

382 761 514 842 Perdere
529 779 620 844 pput,
639 759 809 841 pravosque
826 761 904 828 inter
921 763 975 828 tibi
991 764 1096 830 nobile
1110 784 1226 847 coetut

382 844 515 914 Nomen
548 847 578 913 dt
595 844 727 928 egregiae
745 844 805 908 hoc
821 847 915 928 paolo
928 847 1087 929 acquirere
1103 853 1231 920 leudes?

385 928 481 996 Num
495 895 549 998 ὧι·
565 947 633 1010 que
651 927 800 993 humanae
817 930 979 997 obducunt
994 932 1100 997 nubila
1114 952 1248 1022 metuet,

386 1015 542 1082 Mortales
559 1012 698 1076 hebetant
714 1013 845 1078 oculos?
865 1033 944 1080 num
958 1032 1098 1100 tempotu
1111 1019 1194 1104 vire,

384 1099 491 1180 Atque
507 1093 550 1159 tui
568 1093 656 1160 fluxis
672 1094 841 1162 decurrunt
857 1100 1009 1178 mensibus
1025 1100 1109 1183 anni,

382 1184 421 1250 In
436 1181 568 1244 nostrum
585 1195 619 1244 ut
634 1179 742 1262 vitam,
763 1182 793 1244 dr
809 1198 938 1263 peccatu
953 1182 1105 1264 inquirere
1118 1203 1226 1270 pergas

380 1265 527 1346 Sedulus,
548 1263 578 1328 dt
595 1261 695 1344 poenis
712 1263 864 1328 insontem
878 1266 1011 1349 effligere
1028 1270 1144 1334 tentes?

383 1346 464 1417 Non
480 1347 584 1432 ignota
600 1347 653 1412 tibi
671 1346 712 1412 est
727 1348 821 1429 pietas
837 1366 918 1430 mea,
938 1369 996 1414 nec
1013 1364 1119 1416 tumen
1136 1350 1269 1436 usquam

381 1432 528 1513 Apparet,
547 1445 665 1496 tantam
680 1431 792 1496 vindex
811 1431 865 1513 qui
881 1432 1022 1512 averterit
1037 1433 1126 1500 iram.

385 1513 452 1579 Cur
471 1531 523 1576 me
541 1513 699 1597 disperdit,
716 1515 844 1598 propriae
860 1515 1007 1598 plantaria
1022 1516 1146 1602 dextre,

382 1600 550 1682 Quemque
566 1612 626 1662 ture
643 1598 803 1678 quondam
820 1599 898 1664 miri
913 1598 1046 1666 feliciter
1059 1616 1124 1666 arte
1289 1676 1293 1682 ,

384 1681 539 1763 Undique
555 1679 712 1762 perfecere
728 1684 859 1747 manus?
879 1682 955 1766 quin
970 1699 1074 1750 mente
1089 1683 1223 1752 revolvis

385 1765 439 1832 Ut
454 1763 556 1852 generi
572 1766 709 1830 humano
725 1765 842 1832 limosae
858 1764 876 1832 ὲ
894 1770 1020 1852 pulvere
1034 1782 1121 1834 tetrae

380 1849 524 1932 Corpora
541 1848 663 1932 limasti,
682 1864 776 1930 utque
793 1851 904 1915 iterum
920 1851 1058 1934 collapsa
1074 1852 1218 1935 redibunt

381 1935 421 2004 In
437 1935 567 2017 cineres,
585 1933 703 2020 generis
721 1934 880 2016 quondum
895 1935 1061 2018 primordia
1076 1936 1188 2002 nostri?

380 2015 475 2084 Num
490 2035 543 2080 me
558 2037 618 2081 ceu
633 2017 713 2084 nivei
730 2017 880 2083 libamina
893 2018 1005 2086 mollia
1020 2017 1109 2085 iadis
1196 2079 1200 2084 .

382 2102 499 2170 Fudisti
516 2102 668 2166 inmersis
682 2101 856 2200 gremium?
876 2121 954 2168 num
969 2103 1075 2170 caseus
1093 2117 1128 2169 ut
1144 2104 1180 2169 fit

381 2185 539 2267 Musteus,
560 2177 640 2248 haud
660 2189 747 2250 aliter
765 2185 865 2268 tepidi
881 2187 1099 2269 concrevimus
1115 2179 1208 2255 alvo?

381 2268 476 2336 Num
491 2267 738 2352 superinduunt
753 2290 806 2352 per
823 2286 853 2335 te
869 2271 949 2336 cutis
963 2270 1048 2336 arida
1064 2291 1194 2349 carnem

380 2355 501 2440 vestiit,
522 2353 551 2418 dt
568 2368 635 2430 toto
649 2354 794 2420 distentos
812 2375 941 2437 corpore
958 2375 1079 2439 nervos,
1132 2423 1141 2434 ,

385 2438 524 2520 ollaque
538 2435 674 2502 fotmissi
690 2437 803 2499 solidas
822 2437 974 2501 firmantia
989 2439 1087 2502 vires?

384 2519 608 2597 AEthereosque
620 2518 739 2580 haustus
757 2537 885 2598 corpus,
896 2539 934 2582 ne
949 2515 1081 2580 informe
1093 2519 1223 2605 jaceret,

384 2603 524 2670 Naribus
541 2599 660 2680 accepit
676 2597 828 2682 generose
844 2599 960 2681 semina
975 2600 1064 2664 vitre?

382 2685 479 2772 Quod
493 2683 577 2760 vivo,
597 2682 627 2746 dr
643 2698 765 2766 vegetus
787 2681 872 2762 quod
888 2683 1005 2766 spiritur
1021 2685 1078 2750 hos
1091 2683 1168 2773 regit
1183 2701 1284 2779 attur,

293 2843 296 2847 ,
382 2772 527 2838 Solatur
544 2767 585 2830 est
600 2765 731 2848 bonitas,
751 2763 903 2833 Domine!
926 2769 1137 2836 &clementie
1150 2771 1230 2838 sola.

429 2857 558 2931 Interea,
578 2865 678 2914 tantos
696 2855 827 2915 occulto
842 2853 936 2916 corde
952 2851 1078 2920 dolores

386 2935 501 3010 Celasti
517 2948 633 3016 tecum,
653 2953 711 2998 nec
728 2953 780 2998 me
796 2934 944 3001 sententia
957 2935 1051 3000 fallit.

385 3019 480 3088 Num
497 3018 616 3101 quoties
633 3037 745 3099 pecco,
763 3019 895 3082 memori
910 3039 981 3083 mea
997 3019 1126 3086 crimina
1139 3023 1262 3108 semper
1354 3076 1358 3082 .

382 3103 497 3172 Mente
512 3117 611 3185 notas,
631 3120 688 3164 nec
706 3121 757 3164 me
774 3099 891 3168 delidlo
905 3103 1063 3168 absolvere
1079 3108 1188 3173 curae?

385 3189 445 3256 Vre
460 3186 547 3268 mihi,
567 3187 587 3250 fi
604 3183 672 3248 vitae
687 3183 776 3250 fuero
793 3187 931 3268 perversa
945 3190 1101 3272 sequntur,

386 3269 468 3338 Non
484 3265 609 3352 impune
624 3265 737 3336 feram:
759 3271 802 3333 fin
822 3269 886 3352 ipso
903 3273 1023 3364 tremite
1037 3269 1124 3340 redii

384 3355 552 3440 Ingrediar,
571 3371 634 3418 non
652 3357 753 3416 ullam
768 3354 864 3418 uufim
879 3355 995 3438 sperare
1012 3356 1158 3442 salutem,
1239 3436 1242 3442 Ι

386 3441 448 3506 Me
463 3440 548 3502 mala
560 3450 644 3501 tantu
659 3453 812 3521 premunt,
830 3452 877 3504 tot
892 3454 1003 3504 vexant
1017 3440 1153 3522 undique
1168 3437 1289 3509 cladesv

384 3521 476 3588 Nam
490 3521 585 3585 veluti
601 3519 724 3585 rabidus
738 3541 851 3603 pecora
866 3522 943 3588 inter
959 3523 1066 3587 inertia
1081 3523 1174 3607 sevit,

387 3605 528 3692 Ingluvie
546 3603 729 3686 stimulante,
750 3609 828 3684 le03,
839 3607 879 3670 fic
897 3607 984 3678 irruis
1001 3606 1033 3670 in
1049 3624 1102 3668 me

384 3689 510 3773 Hostili,
529 3685 633 3754 Deus!
655 3689 725 3752 ense
740 3687 840 3770 feror,
859 3689 888 3752 dr
904 3694 1033 3753 vulnera
1047 3686 1146 3753 victor

386 3772 609 3858 CongeminaS,
627 3772 806 3854 semperque
822 3791 917 3836 novas
933 3771 1059 3856 insurgis
1073 3772 1106 3837 in
1123 3772 1196 3840 irat.
1279 3799 1284 3810 ·
1313 3807 1320 3821 ·
1383 3810 1387 3817 ·

388 3858 457 3924 Cur
473 3855 599 3922 eduxisti
615 3853 762 3918 miserum
777 3855 931 3939 genitricis
946 3856 985 3920 ab
1000 3861 1074 3920 alvo

383 3943 549 4011 ‘servatum
565 3940 597 4004 in
614 3957 732 4020 poenas,
752 3959 811 4001 nec
829 3939 918 4003 nobis
932 3937 997 4002 fata
1009 3939 1110 4005 subire
1165 4021 1168 4026 1

383 4026 470 4096 nure
486 4023 582 4109 diem,
601 4021 631 4090 dr
647 4019 732 4090 leue
748 4021 838 4090 licuit
852 4037 1028 4110 prevertere
1044 4026 1170 4098 lucem?

1277 4105 1369 4198 Ecce
