3117 4842
207 396 211 403 .
343 326 362 427 ,’
477 386 705 484 Hypetaona
730 386 946 483 Maturata.
1128 419 1208 499 493

103 562 106 587 ³
208 526 285 608 Prae
298 526 426 613 reliqua
444 526 559 611 aperire
575 526 674 611 jusu,
690 544 759 609 qua
771 524 879 610 sponte
895 541 1051 601 tumentes

258 614 355 682 Virus
370 616 409 678 ab
426 626 565 690 extremo
581 610 693 695 podice
708 610 787 693 sape
804 628 947 680 vomunt.

210 698 287 777 Has
303 699 402 764 resera
418 695 513 781 ferro,
532 699 583 760 vel
603 695 714 763 amaris
732 695 821 760 illine
835 696 952 781 succis,

261 780 328 849 vet
345 780 495 847 mordace
513 793 619 847 cutem
634 781 758 863 pumice
770 779 949 865 sapcfrica.

100 890 102 899 ·
213 865 288 933 Aut
302 866 324 931 ii
340 862 422 931 fort?
432 868 539 949 latent,
558 862 683 950 exsugat
698 863 808 929 hirudo
824 882 982 946 cruorem,

259 950 328 1016 Aut
342 953 428 1015 aloes
445 968 522 1035 ager
538 951 654 1031 pocula
671 951 762 1032 plena
778 949 871 1015 bibat.

216 1032 404 1117 Quinetiam
418 1035 562 1099 extremis
578 1034 729 1114 quadrant
743 1048 890 1117 extrema,
907 1034 1049 1107 furorem

262 1116 397 1184 Tollere
414 1118 435 1183 fi
451 1116 535 1182 ferro
551 1136 617 1182 non
634 1132 733 1200 potes,
753 1116 821 1202 igue
836 1117 943 1187 doma.
990 1178 996 1187 .

217 1198 294 1278 Ure
310 1206 421 1268 locum
438 1201 530 1284 capiti
546 1199 649 1267 cervix
666 1202 718 1267 ubi
730 1201 744 1287 j
812 1191 882 1288 tur,
897 1225 952 1271 ure

259 1283 402 1370 Brachia,
420 1303 496 1351 mox
511 1285 671 1370 geminum
687 1304 759 1349 crus
826 1304 993 1372 utrumque
1007 1289 1120 1363 femur.

219 1366 277 1436 Sic
295 1389 386 1456 grave
401 1368 527 1452 septeno
541 1368 677 1435 manabit
693 1369 821 1439 flumine
836 1369 932 1455 virus,

262 1452 304 1521 Et
321 1452 407 1535 quod
424 1472 488 1519 non
504 1452 627 1536 possunt
643 1453 770 1539 fingula,
791 1456 892 1521 muita
908 1457 1035 1524 dabunt.
1173 1496 1176 1501 -

217 1534 302 1603 Sunt
317 1539 381 1603 hac
397 1555 512 1623 magna
528 1537 655 1619 quidem
661 1556 673 1617 ς
691 1554 802 1603 verum
817 1537 859 1604 eti
874 1540 1048 1623 prasentius
1065 1540 1127 1611 istis
1208 1556 1212 1562 '

261 1620 439 1705 Auxilium,
459 1622 579 1703 quoties
595 1637 684 1685 mens
700 1620 812 1707 agitata
825 1620 911 1689 furit

221 1700 341 1789 Sponte
356 1704 411 1773 sua
426 1720 591 1773 nemorum
607 1704 695 1771 iiccis
711 1704 745 1771 in
760 1706 898 1772 collibus
914 1708 1006 1775 herba

263 1784 426 1871 Nascitur,
445 1788 558 1854 Aoniis
573 1806 638 1853 non
652 1784 738 1853 malt
753 1802 827 1853 nota
841 1790 878 1873 ju
899 1790 935 1855 is.

219 1871 306 1940 Huic
322 1871 438 1937 folium
453 1870 580 1967 platani,
598 1869 685 1943 radix
701 1889 785 1952 cepa
801 1889 861 1935 am
896 1894 926 1955 a,
945 1873 1045 1940 caulis

262 1954 314 2021 Est
328 1954 447 2036 ferula,
456 1951 548 2019 cnrci
563 1951 691 2036 semina,
710 1953 829 2035 flqsquc
841 1954 929 2019 rosc.

223 2038 317 2121 Hac,
332 2038 467 2121 reliquas
482 2034 560 2100 crim
570 2035 679 2109 condit
688 2036 797 2119 hiems,
817 2036 989 2120 Aquilonia
1000 2038 1103 2109 ridens

87 2198 88 2203 ἵ
266 2122 407 2209 Frigora,
426 2119 559 2185 brumali
575 2120 630 2186 sub
648 2118 717 2185 nive
734 2119 830 2207 surgit
844 2122 952 2189 humo.

224 2204 324 2273 Grata
377 2202 503 2292 regrinis
518 2202 561 2269 est
579 2202 791 2271 coturnicibus
804 2205 890 2285 esca3

266 2224 410 2355 crebius
426 2290 456 2357 δι
472 2302 611 2353 ventrem
626 2285 704 2371 sape
720 2286 802 2369 ciete
816 2289 927 2373 capris.

224 2372 274 2443 Re
348 2373 371 2439 it
384 2375 464 2447 hanc
480 2370 629 2456 primum,
649 2373 670 2445 [i
685 2391 757 2437 vera
771 2372 815 2438 est
828 2372 925 2453 fama,
943 2368 1137 2475 Mellmffli

215 2490 221 2503 ·
264 2458 310 2525 Fa
343 2477 379 2523 us
394 2458 425 2526 dt
440 2458 482 2525 est
499 2456 654 2539 medicus,
674 2456 727 2538 qui
742 2456 844 2523 mous
860 2458 960 2541 pastor
974 2475 1057 2529 erat:

224 2540 299 2611 Hac
315 2560 387 2626 ope,
398 2560 474 2607 cum
490 2538 627 2607 furerent
641 2540 727 2607 saevat
737 2539 756 2621 J
758 2541 869 2611 unonis
886 2543 927 2608 ob
944 2541 1003 2606 iras
1054 2588 1056 2593 ·

264 2623 421 2707 Pratides‚
439 2626 521 2691 hunc
536 2636 675 2691 mentem
690 2624 846 2691 restituiise
860 2624 973 2691 ferunt.

222 2708 302 2779 Haec
320 2710 415 2774 animi
431 2709 574 2779 instturat
587 2708 677 2794 vires,
696 2708 761 2775 hate
777 2708 865 2775 fretra
877 2708 977 2776 furori

131 2864 133 2871 ,
266 2793 380 2877 Injicit,
401 2793 514 2859 &toto
529 2812 659 2875 corpore
674 2791 758 2859 vitus
773 2794 846 2941 agit.
882 2869 885 2876 ¹

223 2876 433 2959 Helleborum
448 2876 565 2957 Graiis,
585 2878 751 2943 Veratrum
767 2897 786 2941 e
820 2875 903 2944 dida
913 2874 1045 2965 Latinis,

266 2959 309 3027 Et
324 2961 379 3026 sua
394 2960 447 3042 qui
465 2961 580 3027 invenit
596 2962 724 3027 nomina
738 2957 818 3027 ferte
832 2960 927 3025 dedit
1038 2971 1042 2983 ’

227 3045 325 3130 Qubd
341 3045 427 3133 nigra
442 3044 477 3111 srt
491 3043 590 3127 radix,
608 3044 639 3109 ni
661 3061 731 3109 rum
747 3062 765 3107 c
830 3045 935 3111 omine
950 3044 1074 3115 dicunt:

268 3128 392 3213 Cetera,
409 3128 496 3210 queis
512 3128 596 3194 radix
612 3064 737 3214 albicat,
756 3133 787 3193 al
808 3149 828 3193 a
843 3143 967 3196 vocant.

226 3212 311 3281 Hinc
329 3232 410 3297 agro
425 3212 588 3293 quaerenda
600 3211 702 3281 salus:
744 3213 868 3297 Quibus
882 3213 1021 3296 undiquc
1034 3212 1138 3289 vetius

269 3296 469 3377 Helleboros‚
490 3310 616 3361 centum
632 3297 688 3361 sub
701 3297 736 3379 jn
793 3318 873 3382 coge
888 3300 995 3363 boves.

225 3378 311 3447 Silva
326 3376 491 3458 Caledonia
507 3378 672 3461 lustranda,
687 3381 717 3445 bi
751 3382 891 3466 'rampr‘us
908 3379 1033 3466 inguim

269 3463 345 3545 Vix,
362 3476 439 3546 quot
454 3480 544 3545 opus,
562 3465 681 3547 plantas
697 3462 798 3528 insula
813 3477 878 3527 tota
893 3460 988 3531 dabit.
1026 3469 1029 3475 '

113 3634 117 3640 Ι
228 3544 347 3623 ,Omnia
361 3546 473 3631 vestiga
489 3548 572 3629 loca,
591 3545 771 3628 radicesque
787 3560 938 3631 potentes,
1020 3584 1031 3597 «

269 3628 311 3699 Et
325 3628 403 3694 folia
419 3630 449 3697 br
466 3630 568 3711 tiores,
587 3628 766 3711 seminaque
784 3630 846 3713 ipsa
861 3632 939 3716 lege}

228 3712 464 3785 Caruentana
479 3712 601 3779 medici
620 3712 753 3779 miscens
774 3715 795 3779 fi
831 3716 864 3779 ul
880 3714 1016 3798 exprime
1031 3716 1156 3822 sumt
1196 3765 1200 3773 .

270 3800 362 3883 Quos
379 3797 461 3863 bibat
477 3812 619 3881 egrotus,
638 3816 696 3871 nec
715 3798 775 3865 fine
807 3818 870 3863 ace
885 3798 979 3865 bibat.

229 3882 313 3969 Huic
330 3881 469 3967 cyathos,
484 3880 537 3947 seu
552 3882 640 3947 tristis
658 3883 767 3968 hiems,
787 3883 841 3949 seu
856 3896 970 3951 torreat
985 3882 1080 3983 astas,

268 3961 352 4059 'freq
368 3964 509 4033 veniente
523 3963 585 4053 die,
603 3980 664 4045 tres
680 3970 810 4051 abeunte,
825 3965 923 4049 dabit,
996 4014 1002 4023 «

1146 4052 1209 4139 tur
