3117 4842
311 475 313 483 ,
383 413 438 499 no
465 398 731 496 necnon.
759 389 1010 527 ennon(
1106 396 1185 523 473

190 559 267 650 qne,
280 580 466 655 patremque,
486 564 528 639 δέ
545 564 765 647 circumfusum,
786 562 828 637 δ’
845 564 982 653 liquidas,
1001 561 1044 639 δ’
1059 563 1193 653 levibns,

182 652 391 737 flammaeque,
401 652 582 732 tonitruque,
593 651 692 739 inque,
706 654 826 738 quique,
836 648 1184 740 mulcentqnefilvisque,

191 746 376 820 canoposque,
388 735 592 823 fecundoque,
612 756 741 821 queque,
759 756 892 821 qunque,
910 738 1030 823 quique,
1033 750 1183 823 puroque,

194 817 240 889 δέ
254 819 356 899 lcoelo,
376 819 474 904 inque,
492 819 707 903 bominumque,
722 822 873 902 boumque,
883 820 942 899 sed
954 818 1128 906 &equom
1141 820 1183 893 δ’
1217 852 1220 855 ·

193 901 328 985 horrido,
349 918 436 989 atque
447 904 527 983 adel,
546 914 643 987 teque,
662 924 792 989 queque,
811 902 852 975 &
866 896 1012 985 desolatas,
1023 906 1184 992 suumque,

187 984 360 1071 facilisque,
378 992 529 1075 bonusque,
551 986 753 1069 &scelerum
773 1008 878 1069 aenos,
897 984 1127 1075 Dominamque.

243 1068 376 1153 Quinte,
396 1072 535 1135 elifiones
553 1074 656 1150 plures
679 1067 767 1151 (puta
789 1073 855 1155 35.)
877 1070 908 1133 in
931 1070 1067 1133 carmine
1082 1070 1182 1153 polito

197 1152 322 1231 porcine
334 1154 511 1235 usurpnndae
526 1152 607 1235 sunt,
628 1166 663 1217 ut
679 1156 834 1217 ventorum
852 1153 917 1236 olis,
936 1153 1072 1217 mcintlae
1087 1177 1181 1238 aurae,
1302 1203 1305 1213 .

189 1235 275 1317 juffa
290 1238 446 1323 accipiant,
464 1252 546 1300 terra
567 1241 677 1314 obruta,
697 1238 846 1321 insonue're
861 1250 952 1321 aurae,
972 1259 1089 1301 cernere
1105 1255 1182 1321 erat,
1286 1244 1295 1261 ⁴

198 1340 275 1383 neve
292 1321 402 1384 iternm
419 1322 555 1403 immisto,
566 1326 645 1404 saxa
662 1322 758 1403 invia,
778 1323 856 1385 unde
874 1322 945 1405 olus,
959 1320 1075 1406 geniale
1089 1321 1184 1468 optor*

192 1418 262 1485 gat,
281 1422 401 1493 queque
420 1404 557 1487 hilarent,
579 1408 686 1494 quique
708 1404 826 1487 hilaret,
851 1408 901 1469 ubi
923 1404 1087 1491 implumes,
1116 1429 1183 1480 unu

199 1486 336 1572 incertos,
348 1505 480 1577 puroque
502 1494 664 1573 accensum,
681 1490 785 1551 cunda
808 1489 1034 1571 involventibus,
1054 1487 1182 1552 Patrem

198 1574 339 1656 exposcit,
358 1578 483 1656 monstra
505 1574 636 1658 ingentia
653 1572 694 1645 ξς)
712 1573 842 1659 horrido,
862 1590 949 1662 atque
963 1575 1046 1654 adel,
1064 1568 1084 1633 t
1099 1588 1130 1637 te
1146 1596 1183 1638 u·

200 1676 248 1737 no,
266 1656 382 1719 tollente
392 1663 532 1739 animam,
542 1658 639 1741 subito*
650 1659 833 1741 exanimata,
844 1659 876 1721 in
887 1664 1025 1742 cinerem,
1035 1658 1182 1804 inffiiran·

199 1754 230 1800 te
242 1742 382 1824 animam,
393 1745 539 1829 snumqne
555 1749 588 1809 in
592 1740 708 1886 secula,
728 1744 847 1805 tuntum
857 1742 918 1822 ille,
937 1743 1060 1826 nempei
1108 1741 1181 1809 oble·
1269 1754 1276 1765 ⁸

199 1822 274 1903 otor,
285 1840 319 1887 nt
329 1828 397 1889 ‘teto'
410 1828 558 1909 impietas,
569 1842 591 1910 p
603 1826 655 1886 ani
667 1826 858 1908 exstirpetur,
870 1827 968 1889 radice
980 1824 1181 1905 &scelerum⁰

246 1906 327 1971 Inter
338 1926 414 1989 quas
431 1910 575 1971 omnium
586 1905 747 1970 duriffimae
762 1906 832 1971 sunt
843 1924 915 1987 quae·
923 1908 955 1971 in
971 1906 1115 1988 quintum
1128 1928 1184 1989 pe·

201 1988 276 2053 dem
287 1990 427 2073 proxime
438 1990 595 2067 incidunt;
616 2005 660 2069 nt,

244 2106 610 2125 ·--·····-·—-·--
627 2074 723 2136 Terra
737 2075 839 2137 obruta
871 2071 1007 2157 nondam,

246 2190 611 2211 ·-—-—-··--···--
630 2160 711 2221 Saxa
727 2156 814 2221 invia
822 2094 921 2235 stlois.

248 2238 356 2325 Sexto,
376 2243 523 2326 congeffit
539 2242 644 2308 omnia
663 2241 875 2324 supplemento
890 2236 999 2302 misere
1015 2238 1183 2306 loborantis

204 2320 327 2409 ingenii,
348 2344 469 2410 nempe,
488 2344 564 2409 tum,
588 2344 717 2407 tontum,
732 2324 791 2408 stc,
816 2326 904 2408 unm,
928 2323 1009 2405 inde,
1031 2338 1105 2405 tom,
1127 2338 1183 2408 tot,

204 2422 250 2490 tn,
269 2425 312 2492 te,
330 2411 395 2475 tibi.
438 2412 499 2476 His
514 2412 592 2494 locis,
611 2429 676 2475 tum
692 2410 801 2499 liquidi
808 2410 915 2491 fontes,
934 2407 1184 2491 tumferoprore⁴

165 2499 172 2516 ²
195 2497 259 2578 pit,
277 2511 466 2578 nectantum,
484 2512 601 2561 tontum
612 2496 672 2578 ille,
683 2493 729 2573 stc
745 2493 852 2579 Pater,
863 2492 910 2573 stc
925 2506 984 2574 eat,
1001 2506 1064 2553 tom
1075 2494 1182 2578 variis,

203 2577 361 2663 tomiano,
380 2596 423 2643 tot
444 2578 612 2664 millia,tot
633 2581 768 2661 monstra,
788 2580 867 2643 unde
879 2576 965 2655 sttim
979 2577 1095 2659 sedent,
1113 2574 1184 2641 inde
1236 2658 1238 2663 ,

197 2674 300 2745 pecus,
319 2663 476 2745 andeolus,
495 2664 564 2726 inde
569 2664 739 2751 superfusts,
757 2678 911 2744 tenerum,
930 2676 960 2723 te
976 2662 1071 2742 decor,
1091 2675 1125 2722 tu
1138 2662 1181 2724 ti-

203 2744 245 2826 ti,
264 2756 299 2809 tn
310 2744 416 2829 Pater,
435 2764 469 2810 tu
480 2748 607 2831 timidis,
625 2764 658 2811 tn
669 2746 755 2829 lune,
775 2761 805 2809 te
817 2746 954 2826 Patrem,
972 2759 1003 2807 te
1013 2745 1103 2828 ditis,
1120 2744 1184 2809 ite

203 2848 272 2909 nno,
291 2845 322 2892 te
332 2852 480 2913 magnum,
500 2846 529 2893 te
540 2834 642 2914 rursus
652 2830 782 2913 vntum,
800 2845 831 2892 te
839 2828 966 2908 tollente,
984 2842 1082 2913 teque,
1101 2848 1184 2931 pua-⁶

204 2932 272 2998 que,
291 2913 359 2987 &a
402 2914 482 2997 Quae
494 2916 531 2977 ab
547 2914 696 2999 elegantia
705 2913 870 2977 iterationis
887 2911 1015 2994 po'e'ticae
1027 2915 1121 2997 longe
1132 2913 1179 2977 di·

205 2996 290 3077 stant,
311 2999 351 3060 ob
362 3001 536 3062 multotum
547 2999 722 3062 carminum
731 2994 1063 3080 moraminterjefflm.

247 3078 401 3165 Septimi),
419 3083 609 3169 negationes,
629 3096 673 3165 ut,
694 3082 762 3144 dein
780 3083 881 3163 rursm
889 3081 950 3163 sole
964 3098 1073 3164 renato,
1094 3082 1181 3168 item,

204 3162 280 3225 nullo
297 3188 363 3228 cum
376 3168 441 3249 fine
456 3184 514 3251 per
537 3190 644 3230 aevnm.
687 3164 824 3248 Patrem,
844 3165 970 3247 Parent,
990 3163 1096 3249 Pater,
1115 3165 1184 3230 Pae

137 3254 147 3275 ⁸
204 3262 292 3329 trem,
313 3250 446 3331 Genitor,
466 3250 572 3331 Pater,
592 3248 633 3323 &
651 3248 747 3313 Pater
758 3254 875 3336 optime,
894 3248 1026 3329 denique
1041 3249 1181 3313 Patrem.

249 3329 459 3414 Utphrafium
469 3332 599 3396 duarum
608 3333 746 3413 priorum
756 3334 934 3416 negationes
942 3331 1182 3413 perspicuaered-

205 3412 326 3496 dantur,
345 3414 518 3479 observetur
535 3416 718 3497 particulam
737 3414 798 3497 (re)
817 3416 849 3481 in
863 3432 981 3479 vocum
997 3418 1183 3498 composne-

206 3516 277 3563 tum
290 3498 434 3564 erotema
446 3498 529 3561 idem
539 3498 658 3581 penites
671 3499 836 3583 designare,
854 3497 939 3578 quod
948 3501 1058 3580 rursoos.
1094 3499 1182 3587 Ergb

206 3598 316 3666 renato,
336 3583 366 3647 id
378 3584 431 3665 est,
451 3586 550 3666 rursus
566 3599 650 3645 noto:
672 3581 798 3665 proinde
809 3600 884 3645 eum
895 3581 980 3663 dixit,
999 3584 1069 3647 dein
1078 3592 1180 3668 rursus

197 3664 258 3750 file
267 3684 378 3748 renato,
397 3667 479 3731 idem
490 3666 622 3749 praestitit
632 3684 669 3729 ac
682 3668 701 3730 fi
713 3664 840 3752 dixiffet,
860 3666 928 3732 dein
937 3670 1099 3751 rursussole
1108 3692 1180 3734 rur·

200 3752 340 3833 susnoto.
382 3750 540 3835 Similiter,
550 3748 628 3815 nullo
637 3767 705 3815 cum
712 3750 779 3833 fine
797 3749 880 3814 idem
890 3753 973 3814 valet
982 3752 1067 3832 quod
1074 3769 1131 3838 per
1140 3778 1181 3817 u·

208 3857 288 3898 vum.
311 3834 434 3901 Idcirco
444 3834 519 3899 dum
531 3835 673 3918 protulit3
693 3833 770 3899 nullo
781 3857 849 3898 cnm
850 3836 915 3917 fine
919 3851 977 3919 per
988 3858 1096 3918 «evum,
1111 3835 1180 3902 sen·

206 3916 375 3999 superinde
390 3918 430 3983 est
441 3937 478 3981 ac
492 3920 511 3983 st
524 3917 703 4003 protnliffet,
722 3938 773 4001 per
788 3942 885 3984 ovum
895 3934 1068 4002 peraevum.
1111 3916 1181 3985 De·

204 4002 277 4073 inde
287 4019 346 4105 pen
359 4026 468 4089 evum,
487 4002 518 4071 id
539 4003 592 4089 est,
611 4004 687 4073 nullo
709 4025 776 4071 cnm
791 4003 855 4086 fine
861 4021 871 4084 3
893 4020 987 4084 quote
1002 4002 1056 4086 qui
1072 4001 1184 4167 dhill:
