3117 4842
391 481 468 556 226
731 467 784 575 ·J
831 469 874 544 0·
917 467 949 544 Β
999 475 1026 542 1

433 614 510 684 Vidi
528 612 676 699 equidem
692 611 773 694 quos
788 613 877 676 nulla
893 625 977 678 tenet
992 611 1160 680 reverentia
1174 611 1293 680 summi
1299 647 1304 655 ·
1360 604 1366 654 ἶ

391 697 557 784 Numinis,
577 697 694 764 affiduo
709 713 814 760 rerum
826 696 978 762 ditescere
996 699 1089 776 lu1u3

393 781 476 851 Non
492 786 580 850 aliter
597 781 694 864 quim
708 799 778 860 quae
793 783 865 846 lato
877 781 912 844 se
926 779 1064 880 germine
1079 784 1194 849 tollunt
1221 812 1224 816 ·
1357 773 1364 781 ’

393 867 568 952 Pampinoe
577 865 672 948 nites,
692 863 834 947 &pleno
849 867 977 947 palmite
991 878 1123 951 turgent.

397 953 444 1018 At
458 951 561 1019 subito
578 947 732 1030 eusecrata
747 947 876 1032 domus,
895 947 1069 1030 devotaque
1085 949 1160 1013 diris

369 1037 371 1044 “
399 1035 527 1102 Corruit
544 1029 662 1116 infelix,
681 1052 739 1098 nec
758 1033 826 1116 spes
841 1032 931 1114 super
946 1035 1013 1096 ulla
1027 1030 1134 1096 salutis

395 1118 534 1188 Adfulfit
549 1117 661 1199 soboli,
680 1120 772 1182 nullo
789 1137 858 1198 quae
874 1116 996 1181 vindice
1011 1135 1120 1198 poenas

395 1207 434 1271 ln
449 1200 543 1284 portis
561 1201 636 1282 luit,
651 1201 680 1266 dr
697 1215 824 1276 mantra
840 1200 964 1282 promia
979 1199 1082 1266 nreffta
1163 1242 1168 1255 r
1214 1236 1218 1240 -

395 1283 539 1356 Praedoni
553 1285 638 1350 eeffit
655 1283 771 1367 rabidO,
791 1303 849 1348 nec
867 1287 953 1348 culta
966 1285 1074 1347 labore

392 1363 532 1447 Semina,
551 1369 767 1456 neegravidas
783 1383 936 1432 autumno
951 1366 1075 1451 colligit
1090 1364 1177 1435 aian

392 1449 474 1518 Non
490 1453 567 1537 hac,
587 1453 679 1517 crede
696 1453 785 1536 milri,
805 1469 891 1516 caco
908 1450 1033 1516 fortuna
1048 1463 1150 1514 rotatu

394 1535 543 1620 Advehit,
561 1552 615 1602 aut
631 1537 895 1618 casu-quiequam
911 1537 973 1600 srne
988 1535 1118 1600 numine
1128 1531 1219 1597 nobis

395 1619 538 1690 Eveniffe
552 1621 658 1704 potest,
679 1624 809 1685 culteve
826 1618 845 1684 i:
862 1622 987 1701 pulvere
1002 1634 1088 1682 terrae
1216 1680 1221 1696 ,

395 1703 584 1770 Proveniunt
594 1723 735 1769 erumnae
748 1704 884 1771 homiui:
905 1702 958 1768 sed
974 1700 1220 1784 Rediorolympi

394 1787 527 1854 Addidit
542 1791 595 1854 has
611 1789 681 1854 vito
698 1790 847 1867 comites;
866 1789 898 1854 dr
913 1785 1154 1870 promiaculpae
1253 1846 1255 1850 ,
1474 1826 1475 1873 3

395 1871 491 1937 Certa
506 1872 599 1955 dedit,
619 1893 677 1937 nec
694 1888 779 1938 certa
795 1875 910 1953 minus,
929 1867 1026 1952 quim
1040 1889 1138 1952 pruna
1153 1865 1209 1932 suli
1226 1861 1329 1932 altuni
1353 1934 1381 1967 ‚.
1474 1926 1475 1933 ,

287 2005 291 2020 .
395 1951 554 2024 Scintillas
570 1957 680 2042 vomit,
701 1958 730 2022 dr
746 1958 865 2021 letibus
883 1955 957 2039 petit
975 1955 1084 2018 athera
1098 1950 1244 2017 flammis.

320 2037 334 2078 ·'
436 2038 520 2126 Ergo
535 2042 594 2105 erit
609 2041 664 2106 ille
680 2041 755 2105 milri
773 2043 892 2124 semper
908 2037 1009 2120 Deus,
1029 2037 1115 2101 illiue
1127 2034 1219 2100 aretis

395 2121 548 2206 Perpetuo
565 2125 597 2188 in
612 2126 702 2188 rebus
718 2138 835 2189 numen
850 2141 1028 2203 nomenque
1043 2119 1197 2186 vocarint

396 2209 564 2272 Innumera
579 2207 663 2272 illius
677 2207 786 2291 ‘pallum
802 2207 943 2272 miranda
958 2226 1010 2289 per
1025 2205 1134 2270 orbem

293 2370 300 2377 ἱ
396 2291 623 2376 Fadlapatent3
640 2294 764 2376 pluviis,
782 2291 1084 2375 quiiindentaethera
1093 2289 1221 2375 nimbis,¹
1348 2323 1358 2372 ς

380 2375 575 2446 ‚Foecundat
592 2393 677 2442 terta
693 2379 859 2461 gremium,
880 2377 932 2440 eui
948 2375 1041 2440 divite
1055 2373 1134 2437 veni

396 2459 546 2524 Flumina
561 2461 718 2540 proilliunt
734 2460 804 2521 latis
819 2459 949 2521 errantia
964 2455 1094 2534 campis:

330 2547 336 2555 “
395 2543 456 2608 Ille
472 2541 659 2604 salutiferam
676 2539 796 2602 miserit
811 2540 843 2601 in
859 2553 996 2618 tempore
1012 2536 1170 2599 dextram·

394 2623 544 2708 Porrigit,
556 2637 649 2702 atque
665 2621 798 2687 humiles
814 2621 937 2685 excelsi
956 2620 987 2683 in
1003 2617 1073 2681 sede
1087 2618 1219 2701 reponit:

392 2706 440 2783 At
455 2709 577 2788 quoties
591 2725 700 2789 pravos
718 2705 823 2771 coiens
837 2723 914 2790 gens
929 2703 1023 2786 impia
1040 2719 1145 2769 coetue
1271 2744 1277 2754 ·

394 2790 517 2855 insidias
536 2792 619 2855 iltuit
636 2790 792 2874 innocuis,
809 2789 957 2853 scelerata
973 2789 1100 2854 coercet

396 2873 545 2957 Confilia,
567 2876 595 2940 ἃ
612 2893 705 2938 vanas
721 2873 822 2938 reddit
840 2875 899 2938 fine
916 2873 1031 2937 viribus
1047 2888 1130 2955 artes

394 2957 559 3042 Providus,
580 2972 613 3023 ut
629 2957 756 3042 propriis
774 2957 837 3022 sese
850 2956 980 3021 versutia
994 2957 1115 3020 technis

394 3043 519 3126 Induat,
541 3043 676 3110 &cacis
693 3057 769 3106 erret
787 3041 969 3126 deprehensa
985 3040 1127 3105 tenebrin
1212 3109 1215 3123 ‚

391 3123 473 3192 Non
484 3128 572 3190 aliter
583 3129 655 3190 luce
673 3127 705 3190 in
716 3124 832 3207 media,
850 3125 945 3207 quim
961 3122 1052 3188 nodie
1064 3122 1219 3206 profundi

394 3209 512 3292 Palpet,
534 3211 698 3276 &incerto
715 3209 846 3274 titubent
859 3207 981 3293 vestigia
996 3206 1108 3292 guelfo.-
1206 3266 1209 3273 r
1342 3193 1360 3220 ⁰

393 3293 439 3358 At
455 3309 539 3376 pater
555 3293 687 3358 insontes
705 3295 794 3357 coelo
810 3293 968 3357 miseratus
984 3294 1023 3354 ab
1039 3297 1106 3356 alto

393 3377 492 3460 Eripit
508 3377 721 3463 omnipotens;
742 3396 806 3440 non
822 3377 884 3442 illis
902 3376 1034 3442 hosticus
1052 3377 1142 3459 enfin,

390 3461 460 3528 Aut
473 3459 519 3526 vis
537 3463 604 3524 ulla
623 3461 720 3524 oberit
736 3461 905 3526 minitantis
921 3460 1000 3525 sava
1015 3462 1146 3543 tyranni.
1210 3527 1213 3532 ,

393 3543 469 3632 Spes
489 3545 562 3608 illos
579 3563 652 3625 nam
671 3559 754 3607 certa
769 3541 872 3613 fovet:
899 3543 960 3611 Sed
979 3543 1093 3625 perdita
1110 3541 1218 3609 contri

392 3629 548 3710 Impietas,
567 3643 718 3710 mutoque
736 3629 802 3692 filet
817 3626 904 3692 male
921 3627 1070 3690 conscius
1085 3645 1152 3691 ore:
1181 3662 1185 3672 ·

433 3711 467 3778 0
483 3712 654 3776 fortunatos
677 3711 821 3797 nimium,
841 3711 1040 3790 clemorsqre
1057 3711 1219 3791 bonusque

391 3796 483 3880 Quos
500 3793 589 3861 Deus
606 3795 725 3879 affligit!
747 3815 812 3860 non
828 3795 884 3858 illa
900 3793 1040 3877 afflidiiof
1055 3792 1167 3857 terrim

389 3877 498 3947 Dulce
515 3879 736 3963 rudimentum,
756 3880 787 3943 dr
804 3879 906 3962 patrio
923 3876 1080 3959 correptio·
1092 3876 1220 3965 dextra,

387 3961 468 4032 Nou
485 3963 650 4049 spernenda
665 3963 731 4047 tibi,
751 3963 834 4026 savo
848 3976 879 4028 te
899 3962 1010 4046 quippe
1025 3961 1137 4026 dolote

312 4041 316 4054 '
383 4043 527 4164 Asturia,
545 4050 574 4118 dt
592 4045 685 4120 dotia
700 4046 825 4122 rursum
836 4046 1138 4125 neucauiurntet
1166 4101 1173 4118 .

1283 4071 1428 4223 'in
