3117 4842
392 427 469 510 374
747 401 784 502 J
820 399 865 475 ¹⁰
914 405 948 478 Β
997 405 1023 478 1

447 534 505 606 Tn
518 536 588 606 fore
604 536 746 624 sperabis,
770 537 855 603 vallo
873 536 948 620 quia
962 536 1075 604 robore
1091 540 1202 626 pollet,

448 623 490 692 Et
507 624 594 690 dabis
612 623 778 688 immensos
802 623 850 686 illi
866 623 1025 687 exhaurire
1042 624 1191 690 labores?
1220 673 1226 681 .

386 734 426 788 u
448 707 537 776 Com
554 708 635 774 subit
649 721 909 793 autumnus‚tunc
920 707 1186 796 plaustroingente
1199 710 1324 794 jubebis

449 791 596 862 Maturus
616 803 735 875 portare
751 791 825 857 &in
840 791 1100 857 horreaeondere
1116 793 1254 863 messes?

386 899 427 964 13
448 877 504 946 An
521 893 554 943 tu
572 873 762 942 flammiferis
780 875 950 960 pavonibus
968 875 1105 958 undique
1120 876 1211 960 pisiis

444 961 616 1044 Purpureas
632 979 686 1044 per
702 963 789 1046 eolla
803 962 907 1044 jubas,
926 980 980 1042 per
997 979 1128 1046 corpora
1145 981 1261 1045 pennas
1304 1017 1307 1024 .

445 1044 580 1132 Fulgida
594 1043 718 1126 sparsrsti
736 1043 860 1130 nitidas,
886 1044 1084 1127 caudamque
1096 1045 1221 1110 decoris
1335 1099 1341 1104 .
1402 1074 1406 1080 ·

444 1127 568 1194 Pinxisti
586 1119 690 1212 radiis,
709 1128 845 1194 nitidum
862 1147 931 1210 quae
954 1131 1057 1214 ntulit
1074 1129 1108 1193 in
1132 1133 1254 1216 orbern,

441 1210 524 1280 srida
538 1213 704 1277 volturios
722 1213 831 1280 Phoebi
849 1208 1197 1280 simulando‘colotes?

448 1294 504 1361 An
519 1296 575 1360 tibi
595 1293 739 1362 formosis
757 1297 904 1362 decorata
919 1297 963 1366 est
987 1297 1114 1361 lbutlrio
1131 1298 1220 1363 villis
1313 1357 1316 1364 .

446 1379 588 1468 Femina,
605 1381 785 1466 pennigeras
801 1383 879 1447 inter
891 1379 1078 1446 stolidiliima
1091 1383 1223 1448 turbas?

383 1481 424 1548 14
445 1464 527 1550 Quae
543 1466 634 1530 srmul
650 1485 711 1530 ova
728 1466 806 1548 parit
827 1465 932 1532 calido
946 1465 1002 1531 sub
1017 1468 1145 1553 pulvere
1160 1465 1277 1550 condit,
1330 1485 1334 1492 ·

384 1567 426 1631 15
445 1550 482 1624 ln
498 1548 609 1613 mediis
625 1549 748 1614 incauta
766 1550 823 1614 viis
839 1549 937 1615 oblita
953 1564 1066 1632 patere,
1285 1625 1288 1631 ,

445 1632 607 1699 Indomitis
625 1632 777 1698 calcanda
798 1632 876 1698 feris.
887 1631 1118 1720 frangendaque
1136 1635 1269 1716 plantis:

384 1713 426 1780 16
445 1716 541 1785 Haud
558 1717 646 1780 aliter
661 1721 785 1782 teneros
800 1718 912 1799 spernit
922 1717 977 1782 sua
995 1718 1113 1784 viscera
1127 1734 1229 1802 natos,

449 1799 558 1886 Quint
574 1797 657 1866 foret
673 1800 796 1865 externi
812 1801 935 1866 soboles
951 1822 990 1866 ea
1007 1817 1106 1868 matre
1122 1819 1247 1879 ereata3

445 1884 488 1952 Et
503 1901 621 1950 vanum
637 1884 698 1948 sine
714 1883 803 1970 fruge
819 1887 900 1968 terit,
921 1887 982 1950 line
998 1884 1108 1950 fraude
1120 1888 1270 1949 laborem.
1320 1958 1328 1966 ⁶

384 1981 424 2058 17
441 1965 571 2052 Nempe
588 1966 676 2050 quod
693 1969 774 2034 haud
792 1969 840 2033 illi
859 1967 1018 2035 Dominus
1036 1969 1299 2052 precordia-sano

448 2050 590 2120 Conlilio
600 2053 763 2136 imbueret,
779 2054 939 2136 animique
955 2055 998 2119 est
1014 2052 1120 2137 peetus
1139 2054 1239 2118 inane.

384 2133 424 2204 18
446 2137 503 2220 At,
521 2137 572 2201 irbi
589 2136 819 2222 congeminas
836 2138 1086 2221 libravitcorpus
1101 2138 1134 2202 in
1149 2141 1226 2218 alas,
1254 2182 1257 2191 ,
1279 2189 1282 2194 .

445 2221 474 2287 F
475 2219 698 2286 lammivomos
717 2221 892 2287 contemnit
909 2222 1197 2313 equos,contemnit
1209 2240 1359 2306 equorum

440 2304 593 2372 Ressores
611 2305 636 2370 ri
659 2303 712 2371 'do
726 2305 905 2373 minitantes
922 2307 1028 2392 aspera
1040 2310 1143 2392 vultu,
1231 2357 1236 2364 ,
1469 2300 1470 2347 l

441 2387 560 2472 Usque
582 2325 667 2456 ade&
687 2390 851 2474 intrepidas
867 2392 1010 2477 expandit
1024 2393 1057 2459 iu
1072 2393 1281 2476 rerepennas.
1468 2367 1470 2457 s

383 2489 424 2562 19
444 2467 621 2544 Tunelevi
636 2472 756 2540 validos
775 2475 902 2540 firmini
921 2478 1033 2542 robore
1048 2496 1161 2554 nervos
1469 2484 1470 2503 ¹

441 2555 624 2640 Cornipedi,
656 2576 753 2622 rauco
770 2559 825 2640 qui
840 2557 977 2626 fulmina
992 2560 1090 2626 mittit
1106 2563 1226 2644 abore,

440 2641 701 2724 Horrificumque
716 2643 901 2712 trabitvasto
917 2648 1068 2729 pulmone
1082 2644 1249 2712 sonorem?

380 2743 422 2793 zo
442 2725 504 2802 An·
515 2726 634 2792 sonitus
652 2727 785 2810 trepidas
801 2728 954 2796 minimus
966 2730 1046 2796 dum
1066 2730 1206 2812 personat
1217 2750 1318 2818 ames,
1407 2754 1411 2765 ’

357 2815 360 2826 '
418 2833 424 2873 ι
441 2807 586 2876 Territus
604 2809 744 2896 aufugiet
758 2813 876 2896 pavida
891 2815 931 2879 de
946 2833 1035 2881 more
1050 2815 1196 2881 locuste?

378 2913 413 2963 21
437 2891 611 2960 Terribiles
627 2893 704 2960 crim
717 2897 800 2960 bella
814 2914 930 2964 vocant
947 2899 986 2963 de
1004 2899 1129 2964 naribus
1145 2899 1205 2965 iras

370 2981 379 3040 ἴ
440 2976 580 3061 Evomir‚
600 2978 799 3060 &trepidum
822 2981 911 3064 pulsu
935 2985 1034 3064 quatit
1053 2989 1171 3068 ungula
1193 3001 1354 3071 campump

439 3060 482 3125 Et
499 3066 616 3126 celeres
632 3061 734 3128 subito
752 3081 889 3146 penetrat
901 3066 991 3152 vigor
1006 3086 1079 3137 acer
1096 3069 1128 3132 in
1143 3080 1250 3137 artus:

385 3160 389 3171 ’
438 3141 546 3214 Corda
561 3144 745 3210 veneniferis
770 3149 862 3214 offert
879 3150 1024 3234 generosa
1038 3152 1071 3216 sa
1094 3150 1165 3216 itis.

374 3249 415 3301 nt
436 3221 513 3296 Ads
526 3227 580 3292 icit
598 3241 730 3294 armatas
748 3230 882 3314 gressum
897 3237 1030 3301 celerare
1052 3170 1244 3319 pfilalarrges,⁴

436 3247 593 3412 Λάίξίςίτ,
611 3313 641 3378 &
660 3311 756 3376 risum
772 3317 844 3381 laeto
861 3332 968 3384 movet
978 3339 1044 3401 ore,
1063 3335 1231 3400 manetque

435 3395 626 3481 impavidus,
639 3393 785 3486 ferroque
802 3416 892 3500 negat
908 3402 982 3468 dare
997 3418 1081 3489 terga
1099 3403 1217 3501 rigenti.
1315 3456 1323 3466 ,,

374 3501 414 3568 23
425 3475 507 3544 Non
517 3486 665 3566 clypeum
674 3480 812 3564 squamis
823 3486 957 3552 nitidum
968 3504 1058 3570 pavet
1069 3489 1134 3570 ille,
1147 3507 1206 3552 nee
1217 3483 1336 3554 hastam

415 3559 537 3633 ,Claris
553 3565 727 3652 fulgentem
741 3569 846 3654 radiis,
857 3574 1067 3654 pharetramve
1082 3571 1255 3636 sonantem.
1319 3596 1322 3601 ·

372 3645 416 3732 24⁸
433 3644 501 3722 Ore
515 3648 599 3714 viam
616 3666 715 3734 vorat,
734 3653 764 3718 ἀ
780 3649 884 3724 subito
899 3656 977 3738 pede
993 3656 1089 3718 currit
1105 3656 1137 3720 in
1155 3655 1295 3740 bostem„

434 3728 510 3802 Nec
522 3731 671 3818 3streperas
690 3737 787 3819 stupet
804 3737 860 3801 ille
878 3741 984 3815 tubam
1005 3741 1076 3802 clau
1098 3759 1152 3803 ore
1168 3741 1314 3806 tubarum

431 3815 469 3882 In
484 3817 589 3884 medio
605 3819 745 3904 exsultat,
781 3821 910 3901 estitque
926 3821 1009 3884 ciere
1024 3758 1224 3896 caesionum.
1269 3876 1277 3892 .

371 3917 412 3988 15
432 3897 565 3969 Eminirs
582 3901 728 3969 horrisoni
761 3902 837 3967 entit
852 3903 919 3968 fera
937 3905 1047 3987 praelia
1066 3907 1156 3990 belli,

428 3981 531 4060 Sentit
547 3984 647 4061 adest
663 3986 759 4060 duces
778 3986 888 4057 rabido
903 3988 994 4059 timul
1004 4009 1068 4077 ⁴ore
1084 4005 1238 4077 tonantes,
1264 4038 1317 4148 D.

358 4102 364 4141 ,¹
397 4084 413 4142 ,’
730 4095 732 4102 ’
1302 4086 1360 4143 um
