3117 4842
377 418 461 503 414
621 378 1138 462 nocturnarum

437 517 515 596 Hoc
531 516 633 590 studio
649 516 781 588 truduco
795 516 902 602 diem„
914 516 1048 585 traduco
1063 517 1217 602 renunc,
1312 559 1319 568 ·

439 603 587 694 Pervigil,
607 603 637 672 ἀ
652 602 778 686 placido
795 616 960 668 caruerunt
975 601 1096 668 lumina
1111 602 1237 670 somno.

380 714 420 786 η
439 691 523 761 Non
539 705 643 758 tamen
658 689 787 754 illorum
804 685 952 755 abstrusas
969 686 1112 774 indagine
1128 685 1249 756 cuuffar

440 777 579 864 Detego,
599 790 656 840 nec
673 771 765 838 video
780 770 879 844 deuiis
895 770 1012 840 obsessa
1027 771 1160 838 tenebris

440 859 554 938 Divini
570 853 712 927 consulta
728 855 837 942 animi,
856 855 923 940 quo
941 855 1064 926 tendere
1079 867 1223 942 pergant:

441 943 501 1018 Tu
515 941 591 1012 verb
608 959 745 1009 reverere
762 937 885 1026 Deum,
905 959 1002 1024 quem
1012 939 1162 1023 prendere
1172 935 1287 1022 nescir,

442 1028 520 1103 Nec
536 1025 670 1094 modulo
686 1025 798 1094 metire
813 1040 882 1110 tuo,
902 1025 955 1108 qui
970 1026 1098 1092 numine
1112 1021 1224 1093 enno
1458 1102 1459 1107 ἵ

443 1114 574 1186 Unicus
589 1123 715 1178 eternas
733 1112 815 1180 orbis
831 1107 1011 1178 moderatur
1025 1097 1172 1192 moinus,

356 1265 360 1274 ,
442 1195 644 1279 Arbitrioque
660 1193 718 1261 suo
734 1196 880 1262 mortalia
896 1191 1012 1262 cunm
1025 1195 1192 1280 gubemrt:

441 1282 524 1352 Non
538 1293 628 1366 potes
644 1278 728 1346 illius
743 1277 848 1348 sensm
860 1279 974 1364 operire
984 1277 1135 1362 repostos,

439 1366 587 1452 Scilicet,
603 1365 684 1430 hanc
701 1363 819 1432 vetram
835 1364 959 1452 ingenio
975 1365 1030 1447 qui
1044 1375 1141 1430 tentat
1156 1355 1310 1446 abyss‘um,

440 1448 566 1521 Oceani
582 1448 708 1518 metitur
723 1468 844 1531 aquasp
858 1449 935 1532 quin
950 1462 1055 1514 mente
1071 1445 1172 1534 sagaci

442 1535 604 1618 Proditus,
622 1534 684 1598 huc
702 1543 860 1616 penetrare
874 1551 983 1616 paraus
999 1532 1085 1616 spem
1101 1529 1196 1598 nutrit
1209 1528 1349 1600 manem:

441 1615 573 1700 Nempe
589 1616 667 1682 licet
682 1615 782 1682 socius
800 1619 889 1683 labor
904 1617 934 1682 ἀ
948 1616 1095 1700 sapientia
1109 1615 1189 1682 vires

441 1700 655 1784 contulerint,
674 1717 789 1766 arcana
802 1699 867 1768 Dei
885 1701 1016 1770 reserare
1031 1698 1205 1784 neqununr

443 1785 573 1870 Abdita,
592 1803 651 1856 uec
670 1785 803 1854 tenebris
819 1798 964 1871 poterunt
978 1785 1112 1854 educere
1127 1780 1239 1858 cecis«

681 2007 718 2094 C
776 2011 818 2094 A
871 2007 918 2089 P.
982 2009 1063 2090 IX.

474 2192 479 2202 ’
528 2194 591 2270 AEc
611 2215 671 2288 ego
687 2197 822 2268 solliciti
839 2199 1002 2268 lustravifi
1065 2203 1098 2267 Ia
1112 2195 1202 2282 curi,

548 2285 601 2359 Ut
611 2283 813 2356 monstrarem
823 2283 1020 2370 aliis,tenebri
1060 2277 1365 2352 ·exsertrdocerem:

443 2367 577 2454 Nempe
596 2368 683 2454 quod
698 2369 1032 2455 immmessceterun,
1065 2365 1201 2450 nudisq3
1212 2362 1366 2452 pudende,

441 2457 486 2527 Et
501 2455 572 2526 veri
583 2455 822 2542 pietategravcr,
843 2452 925 2520 duce
944 2457 1084 2540 numine,
1103 2451 1234 2522 cunilae

443 2541 510 2615 Res
525 2551 684 2626 peragunt,
704 2555 878 2622 pacemque
892 2553 1003 2638 gerunt
1019 2540 1180 2624 neptalia,
1200 2540 1328 2606 clarum
1415 2614 1419 2621 x

441 2611 564 2694 Divini
579 2623 728 2692 retinente
743 2641 852 2708 manu,
872 2622 1057 2708 circumque
1074 2639 1212 2713 gerente:

442 2707 520 2778 Nec
537 2725 644 2776 rumen
658 2707 730 2774 inde
744 2707 822 2776 licet
838 2708 931 2777 certic
947 2729 965 2772 c
1030 2707 1136 2778 oscere
1152 2707 1254 2794 ignis,

445 2797 554 2884 Quem
571 2791 661 2862 Pater
677 2792 872 2876 omnipotens
890 2794 972 2860 miro
1009 2795 1129 2880 ignaru
1143 2811 1263 2875 umore,

404 2903 425 2956 ᾳ
444 2878 681 2962 Prosequiturve
698 2876 786 2946 odio.
813 2873 928 2947 Pariter
946 2879 987 2944 fic
1006 2878 1113 2947 omnin
1125 2876 1236 2962 pnffim

448 2963 609 3048 Omnibus
626 2960 787 3032 eveniunt:
808 2961 916 3043 pariter
934 2981 1126 3046 pravumque
1142 2960 1304 3046 piumque,

445 3047 605 3116 insontem
620 3043 816 3126 fontemque,
836 3045 1037 3113 immundrun
1052 3047 1083 3114 ἀ
1101 3043 1231 3114 crimine
1246 3061 1362 3130 purum,
1461 3042 1462 3127 ,

444 3129 675 3208 cultoremque
691 3125 756 3194 Dei
773 3143 1064 3210 contemtorcmque
1081 3129 1235 3217 perennis,
1461 3130 1462 3165 ³

445 3210 548 3286 Nunc
566 3211 631 3278 som
649 3211 726 3276 dura
740 3211 864 3294 premit,
883 3216 973 3280 vultu
990 3213 1092 3281 modo
1107 3217 1180 3280 leta
1195 3211 1327 3311 benigno

444 3295 595 3382 Respicit,
615 3315 652 3364 ac
672 3293 773 3364 dubiis
788 3297 873 3365 venit
888 3297 919 3364 ἂ
934 3296 1016 3384 fugit
1033 3298 1171 3382 improba
1189 3317 1316 3380 pentus:

445 3383 565 3466 Impius
585 3381 615 3450 δι
632 3379 750 3464 pietatis
766 3398 886 3466 amane,
904 3401 1085 3467 nomenque
1100 3381 1274 3449 verendum

444 3469 511 3554 Qui
528 3481 676 3533 temerare
694 3461 758 3532 Dei
774 3466 895 3552 metuit,
915 3469 1032 3550 quique
1049 3487 1102 3536 ore
1118 3463 1273 3550 profanet,

442 3549 584 3618 Lumine
599 3549 677 3614 dum
692 3549 761 3620 vite
772 3547 887 3618 fruitur
902 3553 1056 3634 mortalis,
1075 3566 1205 3634 uterque

442 3631 545 3704 Nunc
561 3650 698 3700 moerore
711 3635 798 3720 gravi
814 3636 973 3721 premitur,
992 3655 1076 3702 nuuc
1089 3631 1218 3723 pentorn
1232 3633 1305 3703 lero
1315 3632 1361 3717 cn,

445 3717 569 3786 Obvius
588 3719 738 3803 ambiguis
757 3719 866 3789 incerti
880 3720 1001 3790 ccfibur
1019 3719 1085 3788 evi.
1212 3759 1219 3772 .

258 3829 274 3917 p
403 3827 424 3898 3
439 3803 479 3872 0
497 3801 661 3869 hominum
676 3802 738 3868 vira
754 3799 879 3872 infelix!
924 3800 1095 3871 Osu'bditu
1112 3803 1198 3872 duris

447 3890 523 3958 Vita
539 3887 643 3970 malis,
663 3901 759 3968 quum
775 3905 836 3952 noc
851 3885 972 3970 agimus
988 3885 1044 3953 sub
1059 3889 1206 3972 lampade
1220 3883 1343 3958 Plroebi!

1256 4054 1364 4150 Impius

444 3973 578 4072 ltu'ustoe
592 3967 751 4074 juliusque
767 3971 878 4044 locans
894 3969 1073 4048 disertum
1085 3976 1181 4047 mlle
1195 3996 1204 4052 1
