3117 4842
427 452 827 536 cnnxn.
1102 492 1185 583 mr

185 611 403 704 Terruerint,
423 617 531 684 nullut
547 614 695 686 umnam
710 617 766 686 sua
781 631 858 688 vote
872 625 1027 697 colonot:

184 700 252 768 Sed
267 702 365 767 vitam
380 700 487 767 urticis
503 703 648 786 tolerant,
667 701 850 786 spinosaque
866 705 999 790 carpunt

184 783 325 884 Arbnraq
340 788 575 884 vulcanumque
589 785 697 888 fqvepr
708 787 739 852 in
758 787 854 886 stipite
871 811 943 857 raro

85 1001 89 1028 .
183 868 361 1023 iiilffim
371 869 918 1040 {lxeiiliiirriiqfiirrigulssttqirveeleligdbeise’
929 963 1038 1044 portis.
1152 997 1156 1000 ·

183 1036 246 1106 Ille
261 1037 345 1104 subit
359 1035 452 1104 folles
468 1043 535 1108 alto
557 1051 692 1104 torrente
710 1059 869 1125 cavernas,

183 1119 227 1190 Et
241 1120 391 1203 scopulos
403 1138 529 1207 veprem
544 1121 632 1206 inter,
652 1123 810 1210 frigusque
824 1123 1007 1212 famemque

184 1205 370 1289 Ingeminat‚
386 1206 510 1273 rabidos
527 1206 635 1275 credas
656 1209 758 1294 rugire
779 1212 897 1279 leones,

182 1287 212 1360 F
215 1307 260 1358 ex
275 1290 374 1375 vulgi,
391 1309 487 1376 genus
503 1291 672 1374 impurum,
693 1295 868 1378 ignavoque
883 1300 1010 1379 parente

182 1369 397 1462 Progenirum,
414 1375 481 1439 limi
498 1394 536 1439 ac
554 1377 675 1440 telluris
699 1377 809 1445 inutile
825 1397 964 1466 germen,
982 1427 986 1434 -
1008 1433 1016 1453 t

182 1457 223 1522 In
246 1473 299 1520 me
315 1456 481 1530 decantant
501 1459 627 1544 satyras,
647 1478 686 1524 ac
703 1460 844 1546 carmina
860 1461 981 1530 dicunt.

181 1538 342 1627 Elongant
357 1543 431 1626 sese,
452 1546 482 1610 ἃ
498 1547 578 1608 laevo
593 1546 704 1626 procul
722 1545 830 1610 omine
844 1547 954 1633 vitant,

181 1619 260 1690 Nec
278 1625 393 1691 cellam
407 1625 528 1694 foedare
543 1627 602 1692 suo
617 1645 688 1692 mea
702 1641 843 1712 tempora
859 1630 960 1715 sputo.

181 1707 307 1794 Quippe
324 1707 413 1776 Deus
429 1711 521 1778 nostri
537 1729 668 1778 nervum
681 1710 749 1794 jam
766 1712 1009 1803 discidimus,

180 1791 366 1876 Afflixitque
380 1797 484 1881 malis,
505 1793 675 1864 &frenum
691 1795 737 1860 hir
754 1797 873 1880 depulit
890 1819 954 1866 ote

179 1876 347 1962 insurgunt
365 1877 398 1944 in
414 1897 467 1944 me
483 1879 581 1964 pueri,
602 1878 771 1962 dextrique
785 1883 936 1964 juventus

179 1957 284 2043 irruit,
304 1960 497 2046 impellitque
513 1963 620 2048 pedes,
638 1963 763 2047 vestigia
778 1969 885 2031 calcat

180 2042 288 2128 lirini,
307 2047 442 2131 tritoque
459 2065 596 2131 premor,
611 2065 670 2109 ceu
687 2045 808 2127 semita,
829 2049 934 2116 callet
961 2069 964 2074 ·
1040 2120 1048 2124 ,

177 2125 297 2202 Diruta
307 2129 410 2210 nostra
424 2129 476 2194 via
490 2128 543 2213 est,
562 2127 708 2209 quamvis
725 2128 769 2192 nil
785 2129 919 2197 hostibus
934 2131 989 2205 iila
1108 2135 1111 2139 ’
1150 2182 1167 2204 „

85 2221 87 2236 '
178 2209 375 2295 Profuerint,
394 2212 679 2364 moquehostiles
694 2213 942 2283 tramiteturmae
1173 2270 1175 2273 .

179 2297 399 2378 lrrurnpuntc
478 2347 488 2380 ‚
508 2294 630 2362 &vicli
648 2295 779 2361 statione
796 2297 996 2380 triumphant.
1093 2357 1097 2363 .

179 2377 343 2460 Undique
358 2378 536 2460 circumdat
557 2395 668 2464 terror,
686 2379 833 2466 ventique
854 2397 978 2448 ruentes

179 2462 348 2546 Abripiunt
362 2459 501 2530 animam
519 2487 528 2534 :
549 2485 611 2530 cen
628 2465 761 2530 concita·
770 2465 892 2530 turbine
907 2467 1006 2535 nuber

177 2544 290 2622 freda
304 2547 388 2614 salue
404 2549 494 2632 periit
509 2550 583 2614 totis
601 2547 760 2622 emarcidr
776 2550 889 2616 nervis.

179 2627 256 2696 Nec
271 2631 348 2694 mihi
365 2651 427 2698 nor
444 2651 533 2713 cumr
551 2632 676 2717 minuit,
694 2631 872 2717 jadiataque
887 2632 983 2702 vastet
1103 2687 1115 2699 .,

179 2711 257 2782 offa
273 2715 378 2800 dolor,
395 2716 520 2786 foedum
535 2718 621 2796 virus
643 2717 719 2781 mihi
734 2717 858 2789 sordida
871 2719 964 2786 vestis

179 2799 306 2883 imbuit,
323 2801 353 2865 dr
370 2799 468 2886 cingit
483 2803 607 2882 polluto
622 2801 758 2886 tegmine
774 2823 889 2886 corpus

178 2881 334 2958 lnfeilum
351 2885 460 2970 triviis,
481 2885 632 2951 &multo
647 2891 774 2968 pulvere
790 2886 941 2952 mersum.

221 2965 279 3035 Tu
294 2982 400 3034 tamen
415 2968 529 3034 interei
547 2969 679 3046 coelestis
699 2967 842 3036 conditor
859 2973 940 3036 aulre
1010 3019 1017 3028 .

178 3047 349 3134 Nusquam
364 3052 438 3117 ades
454 3051 582 3136 afflile,
593 3053 646 3118 sed
669 3052 769 3126 multi
793 3073 874 3118 voce
891 3065 1018 3152 rogatur

179 3136 266 3202 Vota
283 3135 353 3200 finis
370 3137 490 3202 levibus
506 3151 673 3205 ventorum
696 3155 795 3202 errare
812 3141 981 3222 procellis:

178 3220 245 3304 Ipse
262 3239 390 3302 quoque
406 3221 529 3291 hostiles
544 3221 678 3304 animos,
699 3220 888 3304 inimicaque
904 3221 1000 3306 spirae

177 3301 320 3388 ledon,
336 3305 368 3370 br
385 3303 499 3372 infestis
516 3319 625 3380 contre
642 3323 695 3368 me
715 3300 888 3394 accingeris
910 3305 1019 3391 armis,

178 3385 418 3470 sublimemque
438 3388 509 3462 altis
526 3403 691 3456 ventorum
707 3389 848 3457 subvehis
865 3391 936 3474 alis,

177 3469 314 3560 Diffluat
330 3487 366 3541 ut
382 3473 484 3539 tenuis
500 3472 667 3540 consumto
685 3491 815 3558 corpore
831 3473 905 3538 vita.

177 3552 428 3640 Nonequidem
443 3557 555 3644 ignoro
571 3555 698 3623 tandem
720 3557 797 3640 quin
817 3556 920 3628 debita
933 3553 1005 3625 fatis

147 3697 151 3704 .
174 3637 384 3708 Persolvendr
397 3641 485 3724 mihi,
505 3640 556 3706 sed
573 3639 727 3723 numquid
744 3655 829 3707 meta
842 3641 989 3711 laborum

177 3723 275 3791 Certa
295 3738 401 3794 manet
414 3725 477 3792 viti
491 3723 649 3807 fundum,
670 3727 720 3790 vel
737 3724 870 3791 vindicis
887 3725 932 3790 ira

145 3835 150 3848 ·
176 3807 287 3879 Seviet
303 3810 336 3873 in
353 3824 501 3896 mortem,⁴
517 3810 677 3878 &cineres
695 3810 809 3897 affliget
823 3809 959 3875 inertes?
993 3887 997 3891 ,

178 3890 377 3980 Lugebitque
393 3892 455 3960 suis
473 3913 558 3975 cpe-e
574 3895 629 3960 sub
647 3898 734 3960 mole
753 3894 913 3979 querelis?
1019 3967 1028 3984 ο

177 3975 281 4050 Mene
297 3996 439 4059 unquam
455 3979 544 4056 fieris
567 3977 731 4063 quisquam
749 3978 910 4064 conspexit
931 3973 1055 4057 ocelllv,

178 4059 264 4142 Ctim
279 4077 420 4151 gemeret
436 4083 560 4152 pauper,
578 4063 735 4221 rebulsquq
747 4063 868 4129 attritus
882 4057 988 4146 egenis
1028 4120 1031 4127 ,
1064 4095 1174 4222 turpi·
