3117 4842
429 388 655 481 Hypermorur
681 383 895 477 Medicaster.
1107 385 1183 481 489
1277 426 1283 437 .

75 624 77 645 .
202 550 269 625 Hic
287 550 399 631 tacitus
415 562 528 635 captat,
547 545 599 611 fibi
619 544 702 611 visus
720 564 841 628 aranea,
855 547 1006 632 murem

75 646 77 669 ι
245 636 419 721 Hic‚tritici
436 649 569 723 granum
585 632 616 696 se
637 646 729 714 tatus,
740 635 842 695 horret
859 651 942 698 aves.

75 686 76 705 ‘
203 722 442 803 Suntvureum,
457 721 526 787 sunt
543 716 596 797 qur
613 714 738 779 credant
756 714 809 781 fibi
825 714 921 779 unire
938 730 1063 796 corpus,

245 804 489 886 occursumque
508 798 683 880 homiuum,
704 798 902 881 compitaque
919 800 981 885 ipsa
997 798 1116 876 timeon

201 888 350 959 Vidimus
366 888 467 975 &qui
483 884 514 951 se
530 883 638 949 vitales
654 882 792 948 crederet
805 900 894 951 auras

265 972 416 1056 Liquiffe‚
433 975 462 1038 dr
480 968 598 1052 Stygias
612 968 680 1051 jam
695 965 859 1047 penetrare
876 965 1000 1034 domos.

202 1054 285 1125 Nou
301 1058 347 1123 ilii
366 1058 515 1141 conjunx,
534 1070 598 1117 non
619 1050 665 1113 illi
682 1050 808 1133 pignora
824 1069 924 1131 curae3

246 1138 321 1205 Nec
337 1140 385 1205 fas
402 1142 549 1205 humanas
566 1134 616 1199 vel
634 1134 759 1217 tetigiiie
775 1134 879 1216 dapes.
899 1198 902 1204 Δ

204 1220 299 1291 Talis
310 1222 498 1310 Hypermori
514 1219 601 1284 furor
615 1218 677 1285 est:
699 1218 762 1284 sese
779 1220 833 1281 iile
844 1216 977 1286 Ponam

245 1308 365 1395 Credit,
381 1311 411 1377 dr
430 1306 571 1373 Aonium
587 1303 687 1383 pulsat
704 1304 824 1383 ineptus
839 1304 925 1367 ebur.

204 1388 286 1457 Non
302 1394 390 1458 aliter
407 1392 516 1459 dulces
532 1384 708 1471 interstrepit
729 1386 815 1451 auset
831 1388 947 1469 olores,=

247 1476 315 1543 Aut
329 1480 436 1561 patulo
452 1472 559 1539 cornix
581 1468 660 1533 cum·
679 1483 773 1533 vocat
790 1487 843 1531 ore
857 1464 976 1535 Notos,

202 1558 336 1627 Suavids
354 1580 411 1625 ata
425 1560 534 1624 sonant
544 1552 742 1636 Corybantia,
756 1549 879 1616 suavius
894 1553 953 1618 ilio

246 1645 441 1709 Arcadicum
455 1640 551 1725 poffet
565 1636 683 1719 pledra
698 1652 824 1701 movere
839 1656 947 1719 pecus.
1007 1683 1012 1694 .

203 1726 367 1795 Blanditur
381 1744 485 1795 tamen
500 1726 554 1788 ille
571 1722 634 1804 fibi,
650 1739 713 1784 non
729 1719 791 1801 ipsa
805 1716 943 1784 Maronis

248 1811 406 1895 Carmina,
422 1806 589 1875 Maonidae
607 1824 670 1867 non
687 1818 772 1883 purat
791 1822 877 1883 atqua
893 1803 966 1870 suis.-
1045 1829 1050 1842 ²

205 1892 280 1961 Nec
295 1894 383 1965 furor
400 1896 453 1961 has
470 1894 547 1957 intra
565 1887 664 1969 potuit
680 1885 838 1950 confluere
854 1902 966 1971 metau-

248 1978 316 2062 lpsa
332 1978 385 2043 sed
402 1976 463 2039 indi
486 1972 531 2039 nis
549 1968 689 2049 conspuit
702 1968 777 2031 astra
794 1968 909 2032 modis.

178 2124 182 2131 .
205 2057 259 2127 Te
274 2078 393 2143 vatum,
401 1996 599 2123 Bucdanane!
616 2052 723 2134 decus,
740 2054 835 2131 quein
849 2049 974 2133 suspicit
989 2050 1085 2145 orbis,

250 2143 353 2209 Prisca
369 2143 419 2207 cui
437 2140 591 2225 assurgunt
609 2136 726 2216 secula,
741 2134 832 2209 dente
847 2137 930 2217 petit.

207 2229 269 2295 Ille
285 2228 344 2293 ruis
360 2225 452 2299 audet
467 2224 593 2288 demens
611 2218 761 2301 oppedere
772 2216 886 2301 Mufir,

251 2310 409 2393 Quodque
419 2307 525 2389 nequit
541 2306 620 2369 iivor
637 2302 772 2385 perdere,
788 2303 870 2369 rodit
887 2322 976 2387 opust

207 2396 297 2464 Vatis
315 2393 449 2475 Jeffiadae
464 2394 552 2455 cultu
567 2388 680 2453 donata
694 2384 810 2453 Latino

249 2478 397 2545 Carmina
412 2476 492 2558 sunt,
510 2475 567 2539 illo
581 2471 699 2556 judice,
716 2468 808 2553 digna
823 2466 915 2537 focis.-

185 2626 188 2631 .
207 2564 285 2632 Haec
304 2562 382 2647 linit,
397 2563 460 2627 haec
479 2558 569 2640 radit,
588 2575 646 2619 nec
663 2554 757 2618 saevos
775 2553 901 2619 abstinet
916 2570 1046 2639 unguet,

250 2646 373 2711 Cunda
389 2646 528 2725 abolens,
547 2654 693 2704 numeros
709 2637 917 2719 substituitque
931 2636 1015 2702 suos.

207 2732 267 2799 His
285 2730 353 2796 Rex
370 2728 508 2809 quufitus
526 2738 682 2806 patronus,
698 2721 798 2785 Gallia
809 2719 916 2803 judex,

247 2812 357 2879 Testes
388 2826 464 2891 quot
479 2812 609 2893 populos
627 2804 780 2869 maximus
797 2804 879 2870 orbis
895 2806 995 2869 habet.

207 2898 289 2967 Proh
306 2856 420 2979 pudor!
440 2892 568 2959 excuffis
584 2888 693 2955 vesana
711 2888 834 2953 licentia
848 2886 942 2951 frenis
1071 2920 1080 2929 ·

247 2982 321 3064 Jam
332 2981 403 3060 ruit,
422 2979 452 3043 dr
469 2978 571 3041 scelus
588 2974 629 3037 est
647 2971 731 3053 quod
747 2971 806 3035 fuit
824 2968 894 3035 ante
914 2969 1014 3039 furor.

102 3077 106 3082 ’
206 3065 365 3151 Spernitur
381 3060 514 3129 &foedis
530 3060 664 3123 violatur
681 3056 785 3121 charta
800 3055 911 3139 lituriS,

251 3150 358 3233 Quam
372 3147 469 3229 pinxit
482 3142 569 3208 radio
585 3139 736 3225 Cynthius
753 3138 815 3221 ipse
829 3138 895 3204 suu.

209 3231 368 3319 Quodque
386 3227 461 3295 Deo
476 3226 588 3291 cecinit
603 3224 721 3307 pledro
737 3224 867 3287 meliore
882 3220 1049 3309 Camoeua,

78 3358 81 3365 ⁴
152 3364 154 3371 ,
250 3318 298 3383 lm
321 3314 349 3378 ia
365 3330 448 3381 nunc
464 3310 555 3374 audet
572 3308 676 3373 radere
694 3308 770 3371 lima
787 3308 899 3369 melos.

207 3402 277 3471 Rex
293 3335 378 3463 dacer
394 3408 521 3459 exutum
536 3391 670 3472 queritur
686 3390 716 3455 ie
729 3388 824 3473 Regis
841 3384 969 3471 amidio,

250 3482 291 3551 Et
301 3478 405 3561 Jcss'aea
419 3478 476 3542 suo
491 3472 607 3558 plcdta
622 3493 725 3537 carere
739 3472 828 3535 sonu

207 3565 282 3637 Nec
294 3564 465 3637 monstrum
481 3560 541 3623 hoc
558 3557 656 3653 parcit
676 3556 788 3637 patriae,
810 3553 973 3635 patriaque
989 3549 1123 3645 Petenti,

250 3651 308 3718 Ista
324 3648 434 3729 quibus
452 3644 579 3711 demens
596 3640 706 3721 scripta
720 3638 850 3723 legenda
863 3637 957 3703 dedit.

75 3796 77 3813 Ι
207 3735 243 3809 si
263 3753 325 3817 qua
343 3728 518 3803 Caledonio
532 3723 616 3793 faeta
631 3722 673 3789 est
689 3722 801 3807 injuria
816 3721 888 3804 vati,

75 3938 77 3947 =
98 3925 100 3931 ·
211 3897 266 3973 Te
283 3918 376 3985 penes
395 3896 478 3965 illius

248 3815 362 3883 Scoria!
382 3829 423 3896 te,
443 3812 562 3961 Reqetn
573 3808 669 3894 tangit
685 3806 715 3872 dr
731 3806 788 3873 illa
801 3821 901 3873 tuum.

510 3909 564 3959 unt
580 3892 779 3975 incunabula,
795 3893 833 3955 ab
852 3890 913 3955 ilio

252 3982 354 4059 Parva
365 3980 451 4073 licet,
469 3974 761 4151 maguumfiicgtigi
779 3990 896 4049 nomeu
910 3969 1015 4045 habes.
1086 4050 1194 4143 Quam
