3117 4842
406 353 413 378 ¹
475 433 508 506 c
560 429 596 505 n
646 433 686 504 ι’.
741 414 867 505 vm.
1116 445 1195 554 μ,

257 572 448 658 Nequitiam
464 569 527 655 fine
544 579 613 661 lege
630 573 707 652 ruit3
725 572 757 640 se
775 571 913 664 accingit
930 573 972 654 ad
989 595 1086 663 omne
1158 634 1161 639 .

261 661 290 728 F
292 662 445 754 lagltium,
465 659 603 742 laxisque
620 656 723 722 furens
742 657 911 725 bacchatur
928 660 1054 735 habenis

263 747 336 830 Illa,
357 763 416 812 uec
435 760 579 812 eternam
597 743 647 808 fibi
666 760 795 826 poenam
811 741 919 808 instare
935 748 1095 818 tremiscit.
1167 739 1195 796 ·³

198 851 242 910 η
262 827 319 894 Ne
337 843 454 914 tamen,
473 832 533 898 hoc
552 827 631 912 visu,
652 829 746 910 pietas
765 824 918 896 labefacta
932 827 1066 918 fatiscat,

265 911 461 982 Demittatve
479 915 631 993 animum,
649 911 702 981 sed
719 911 771 994 spe
789 925 883 995 caput
898 912 1005 998 erigat,
1022 921 1141 992 altumt

264 995 419 1080 Namque
436 998 563 1081 impune
582 998 657 1064 licet
674 1000 792 1064 multos
809 996 942 1089 exegerit
958 1017 1060 1070 annos
1128 1049 1132 1058 .

265 1082 387 1165 Impius
403 1083 518 1164 absque
535 1089 633 1166 metu,
654 1096 846 1164 centenaque
863 1080 994 1148 crimina
1011 1091 1105 1156 nullo
1127 1103 1133 1111 ’

263 1165 404 1232 Vindice
420 1166 570 1251 perficiat,
589 1163 805 1250 scelerumque
824 1166 856 1234 in
872 1165 962 1232 sorde
977 1167 1132 1244 senescat:

265 1249 357 1316 Felix
373 1250 428 1318 ille
446 1267 550 1318 tamen
567 1248 700 1318 Domini
718 1249 771 1332 qui
788 1267 907 1322 numen
924 1249 1044 1337 adorat,
1123 1247 1130 1280 ³

266 1331 310 1481 ξς
326 1325 461 1414 Domini
477 1335 528 1419 pla
543 1336 614 1420 jura
629 1334 718 1415 colit,
739 1334 884 1419 legesque
899 1337 1065 1406 verendas:
1130 1407 1132 1410 Α

294 1417 340 1483 oli
356 1434 491 1484 mortem
508 1437 582 1484 narn
599 1417 755 1502 corporeis
773 1436 862 1484 mens
879 1418 976 1483 libera
991 1421 1104 1492 vinclis

269 1501 406 1569 Scandet
423 1503 455 1567 iu
472 1503 583 1568 etherii
599 1501 717 1568 radiata
734 1502 847 1586 palatia
865 1502 953 1568 coeli.

206 1603 247 1676 13
270 1585 315 1652 At
330 1585 461 1665 minime
478 1587 553 1652 felix
570 1586 627 1651 erit
643 1586 768 1669 impius,
788 1586 874 1652 itlius
890 1604 993 1652 avum

268 1669 406 1756 Effugiet
421 1671 528 1757 rapido
546 1671 739 1738 veluti'levis
757 1670 867 1736 umbra
883 1673 1002 1755 volatu,
1035 1734 1036 1741 ,
1124 1693 1132 1733 ,·

270 1753 363 1820 Tum
378 1755 455 1838 verb
471 1756 503 1838 in
521 1753 641 1842 Stygias
657 1771 733 1835 mox
750 1754 986 1838 pracipltabitur
1002 1759 1143 1846 umbraq:

270 1836 337 1906 Hic
357 1839 418 1904 line
436 1841 497 1904 fine
514 1843 579 1906 luet
594 1839 750 1904 sceleratae
765 1838 899 1903 crimina
918 1838 998 1922 vitre,
1090 1861 1095 1868 ·
1122 1857 1133 1872 ⁴

270 1922 338 1989 Hic
355 1923 501 1988 lacrmras
520 1924 580 1986 fine
598 1923 661 1986 fine
677 1922 773 2002 debit,
794 1922 856 1986 sine
873 1923 936 1991 fine
952 1925 1082 2010 dolebit,

270 2004 486 2087 Extendetque
500 2005 574 2070 suos
590 2004 749 2081 seclorum
765 2004 798 2081 iu
815 2003 922 2068 secula
939 2005 1040 2070 dctus.
1216 2065 1222 2072 .

208 2114 252 2181 14
271 2087 359 2175 Ergo
376 2088 487 2154 animis
502 2107 560 2152 vos
577 2087 638 2150 elle
655 2086 755 2168 bonis,
777 2085 832 2170 qui
840 2085 974 2168 'pedore
993 2109 1073 2171 puro
1162 2142 1164 2145 .

271 2171 408 2246 Numen
424 2171 556 2238 adoratis
574 2166 720 2255 Domini,
739 2190 800 2236 nec
819 2170 915 2237 corda
932 2175 1044 2253 dplptp
1129 2229 1137 2240 ,

274 2252 388 2330 Fratia
403 2255 526 2339 cadant,
546 2254 693 2337 durisque
709 2269 821 2340 negent
837 2253 1041 2334 succumbere
1057 2260 1159 2350 rebus,
1179 2295 1183 2303 ·

213 2361 221 2386 ¹
275 2339 460 2426 Quamlibet
474 2337 615 2408 adversas
633 2353 758 2406 moveat
772 2336 898 2407 fortuna
914 2343 1091 2436 prpcellaq:
1120 2339 1138 2378 '⁴

275 2423 366 2508 Saepe
384 2423 499 2491 etenim
515 2424 548 2494 in
562 2421 665 2510 politis
681 2423 735 2504 sub
752 2423 828 2505 solip
845 2425 965 2494 lumine
982 2427 1068 2499 terris
1127 2441 1133 2448 ·

271 2505 375 2580 Pressa
387 2512 473 2590 jacet
486 2509 593 2594 pietas,
613 2508 765 2595 varilsque
780 2509 917 2580 obnoxia
932 2509 1071 2589 damnis:

253 2584 326 2676 Ἐτ,
345 2594 466 2676 contri,
485 2594 636 2678 impietas,
657 2593 776 2662 blande
793 2593 881 2677 super
898 2613 1022 2676 equora
1038 2595 1129 2670 ve&

272 2675 495 2762 prosperitatis,
515 2678 576 2776 agit
593 2678 691 2742 vitam
707 2679 768 2743 fine
786 2682 868 2744 nube
883 2677 1036 2765 serenam,

275 2761 339 2827 Sed
357 2761 423 2826 cito
441 2761 473 2826 in
489 2763 589 2826 a'e'nos
606 2763 693 2826 volat
707 2762 763 2826 illa
779 2760 908 2828 evanida
925 2762 1045 2830 ventor.
1132 2779 1136 2783 ’

215 2864 256 2933 ¹5
275 2841 377 2910 Nunc
396 2843 487 2932 igitur
502 2844 628 2910 monitis
645 2846 766 2910 animos
784 2845 934 2912 advertito
951 2849 1072 2934 nostris,

277 2928 402 3014 Ecquid
420 2930 504 2994 enim
522 2945 630 3012 potero
647 2926 760 2994 melitis
776 2927 902 2996 suadere
917 2934 1095 3001 monendo?
1165 2953 1174 2964 ·

276 3015 482 3098 Quicumque
497 3015 578 3078 baud
598 3009 674 3078 fido
687 3015 839 3078 veneraris
855 3011 978 3096 pediore
994 3036 1123 3111 numen,
1220 3055 1224 3061 ι

277 3099 389 3164 lheola
401 3083 551 3182 Phoebeo
570 3097 656 3180 politi
673 3096 728 3162 sub
747 3096 842 3162 fidere
858 3098 981 3184 mundi,

277 3180 401 3272 decipe
419 3199 494 3245 cum
512 3179 633 3266 liquido
651 3179 938 3263 Cerealiamunera
952 3185 1044 3251 vino:
1123 3195 1127 3202 '

278 3264 402 3349 Atripe,
422 3265 500 3330 dum
514 3265 564 3330 fas
581 3267 633 3348 est,
654 3266 806 3347 pereuntis
822 3267 994 3333 commoda
1007 3269 1089 3354 vitae,

277 3343 385 3415 Latus
404 3347 434 3414 dt
450 3347 604 3414 exsultans
621 3351 742 3416 animo:
761 3347 910 3435 fugientia
926 3351 1048 3434 promti

279 3432 405 3500 Gaudia
420 3451 511 3515 carpe
528 3450 634 3518 manu,
654 3433 831 3511 coelellibut
847 3447 933 3514 utere
949 3424 1052 3520 donis,

278 3513 369 3584 Dum
384 3518 475 3582 licet:
496 3515 656 3598 extemplo
670 3515 750 3614 fugit
765 3515 966 3593 irrevocabile
982 3532 1115 3606 tempus,

219 3599 261 3692 po
281 3597 371 3667 Nam
385 3602 474 3684 J'uvat
492 3589 612 3666 insanos
629 3599 724 3664 animi
741 3599 939 3690 compescere
957 3600 1081 3691 dubius,

207 3713 212 3724 ·
280 3681 464 3766 AEternique
482 3683 581 3762 Patris
598 3685 724 3750 nullum
740 3684 958 3766 reprehendere
973 3683 1105 3774 fabium,

311 3787 480 3852 numquam
489 3767 615 3833 adversa
629 3767 717 3836 bonis
732 3769 914 3853 aliquando,
931 3770 1043 3838 &laeta
1052 3773 1198 3869 scelestis,

231 3901 235 3915 .
315 3851 458 3918 bveniant
475 3851 529 3917 sub
548 3867 680 3936 utroque
695 3854 807 3938 polod
847 3856 983 3932 entibus;
1003 3855 1076 3940 ipse,
1167 3893 1173 3902 ·

231 3951 236 3964 ·
281 3921 296 4003 i
317 3935 348 3999 se
365 3955 425 4021 ego
440 3935 543 4000 fiderei
560 3937 725 4004 lustrabam
739 3935 823 4006 fasta
873 3939 1006 4023 ouantis,

280 3957 376 4116 &Parsia
392 4039 445 4126 per
462 4017 650 4092 immensum
665 4022 782 4111 peragit
803 4019 1014 4113 qua'singula
1029 4023 1203 4187 mundtlrim:
