3117 4842
370 434 593 530 strpermnrrs
618 436 832 531 Medicasser.
1070 464 1144 538 49¹

157 575 260 645 Vidit
275 574 717 661 idrpmurmdietevistpnc
733 577 842 661 hospes
857 576 889 644 in
905 578 980 664 oris,

210 660 255 727 Et
272 661 392 728 medici
410 662 521 727 sevam
535 661 653 746 depulit
667 674 729 725 arte
746 667 844 726 luem.
957 727 960 732 ,

162 744 272 813 Fama
281 749 388 833 volet:
397 745 528 815 Medici
541 748 583 811 ad
593 746 689 809 limen
702 746 770 817 fluit
779 746 916 827 undique
924 748 1056 833 vulgum

214 828 370 911 Undique
386 830 544 915 lymphati,
562 830 812 914 turbatimenda,
827 845 931 896 ruunt.
1037 852 1041 859 ·

164 913 273 981 Haud
284 916 373 979 aliter
412 916 511 979 'mum
527 916 737 999 glomerantur
752 914 835 979 reela
851 919 1011 1000 uolucres,

91 1048 95 1057 .
213 993 295 1089 Non
310 934 483 1082 exspeffirao
497 1000 575 1065 crim
593 999 652 1063 ruit
674 998 770 1061 imbre
787 995 906 1073 Notus.

167 1078 247 1146 Pars
262 1079 563 1164 fremirenteiores,
583 1101 651 1165 pars
666 1083 744 1146 intra
758 1082 991 1167 limina,.terror

214 1165 300 1231 Hinc
316 1168 501 1250 atquelrlne,
521 1168 622 1231 horret
637 1180 703 1231 tota
722 1163 827 1241 furore
843 1166 969 1232 domus.
992 1208 997 1219 ·

167 1245 272 1313 Parva
282 1250 428 1338 Lycaonio
436 1249 722 1333 rumpuntuttetla
732 1253 882 1335 tumultu,

213 1332 336 1413 Jurares
350 1334 467 1432 Stygias
480 1333 536 1399 bic
555 1334 807 1399 habitarecaues.

169 1416 386 1501 Quicumque
403 1418 580 1505 ingreditur,
597 1417 678 1480 rabie
694 1415 874 1501 genseffera
887 1414 1007 1497 semper

213 1500 243 1565 It
261 1503 426 1583 comes,.&
442 1502 558 1565 medici
574 1501 692 1565 claudit
708 1516 876 1581 utrumque
895 1504 989 1564 latus.

171 1582 240 1650 Hic
258 1588 370 1667 ululat,
390 1588 500 1656 latrant
517 1585 580 1667 alii,
600 1586 668 1648 fluit
682 1584 909 1648 omnibusaner

216 1664 284 1731 Ore
301 1688 405 1751 cruor,
426 1669 533 1753 passim
547 1666 645 1732 ferrea
660 1669 766 1733 vincla
783 1680 922 1750 crepant.

171 1748 258 1819 Hinc
277 1752 318 1817 est
330 1753 428 1835 prima
445 1753 522 1817 mali
538 1754 634 1835 labes,
653 1752 724 1815 hinc
747 1752 846 1832 prima
860 1748 977 1815 furoris

216 1833 354 1920 Semina,
369 1836 528 1911 contrade
541 1836 583 1898 est
599 1835 771 1899 transuione
785 1838 865 1898 lues·

174 1913 231 1982 Sic
248 1922 344 2002 lepra,
364 1918 404 1983 lic
420 1920 494 1983 dirae
509 1917 652 2001 spargunt
667 1917 812 1999 contagia
826 1915 935 1997 pelles,

217 2000 260 2067 Et
274 2001 482 2065 scabiemtoti
498 1998 559 2063 fert
575 2000 642 2063 ovis
665 2016 726 2061 una
740 1996 835 2083 gregi.

174 2080 289 2171 Tange
306 2088 404 2165 luem,
422 2082 558 2155 Veneris'
570 2102 638 2163 que
655 2096 755 2165 turget
772 2074 1021 2162 nominemus
1159 2141 1165 2151 ,

216 2166 347 2231 Damna
361 2166 460 2247 dabit3
478 2167 576 2250 lippos
593 2166 725 2251 adspice,
747 2166 847 2248 lippus
863 2163 934 2227 erlis.
1056 2192 1060 2197 ⁴

111 2274 117 2286 ¹
175 2246 239 2316 Sed
258 2251 359 2319 morbi
375 2251 450 2333 qnid
468 2252 549 2336 figna
562 2251 661 2334 juvat,
682 2250 756 2331 quid
772 2250 877 2314 dicere
891 2244 1033 2325 cauum·

78 2358 79 2367 ¹
219 2332 342 2401 Paeonil
365 2334 435 2400 tolli
452 2337 473 2400 fi
487 2335 598 2416 nequit
611 2349 680 2399 arte
692 2332 842 2399 malum?

180 2415 262 2483 Proh
278 2419 385 2486 dolor!
405 2420 459 2485 illa
474 2422 541 2485 lues
557 2438 623 2485 non
638 2419 680 2483 est
691 2415 885 2481 medicabilis
899 2410 1012 2497 herbis,

220 2502 287 2587 Ipsa
302 2503 393 2569 suum
411 2505 551 2587 quamvis
563 2503 704 2567 mitteret
720 2502 775 2568 lde
792 2518 914 2567 nemus.

96 2588 100 2595 “
178 2583 265 2653 Cum
279 2588 418 2670 subeunt,
433 2589 508 2672 pelli
524 2586 644 2671 pellunt
661 2586 867 2651 medicamine
882 2582 1008 2651 morbi:

175 2682 178 2695 '
218 2668 351 2735 Tollere
366 2673 524 2737 nascentes
540 2672 683 2752 qualibet
699 2670 791 2735 herba
806 2668 912 2754 potest.
957 2691 961 2727 ι

116 2774 121 2789 ’
179 2754 236 2821 nst
252 2756 305 2819 ubi
321 2754 508 2821 fretumora
524 2757 577 2841 est,
596 2756 721 2820 sumunt
737 2754 903 2836 ltempote
913 2749 993 2816 vires
999 2768 1012 2831 ;

221 2836 281 2902 Nil
298 2838 562 2923 tumdielamnus,
578 2836 621 2904 nil
646 2856 789 2921 panacea
809 2844 906 2921 jurat.
976 2893 979 2898 a

180 2916 255 2985 Nec
275 2925 416 3005 quamvis
428 2923 505 2995 ellet
521 2936 613 3007 ceput
629 2923 690 2987 hoc
701 2922 840 2987 :sanabile
857 2916 972 3001 succis,

223 3006 384 3073 Annueret
398 3010 528 3073 medice
544 3004 821 3103 Cynthiusnubtor
836 3004 913 3089 opis.

183 3088 961 3262 Qllllllllllllilffllllilim

183 3253 262 3323 Non
276 3258 404 3341 impune
421 3261 493 3323 tulit
506 3261 569 3324 vati
586 3260 671 3342 qnod
684 3256 761 3323 fecit
776 3256 913 3341 Atrides,

222 3339 263 3407 Et
278 3343 386 3406 didicit
399 3348 507 3427 longas
523 3342 675 3417 Numinis
689 3341 750 3407 else
765 3359 887 3409 manus.
1013 3365 1015 3372 ·

184 3421 263 3492 Non
278 3440 381 3495 tamen
396 3427 464 3508 bie,
479 3442 671 3507 quemquam
687 3424 753 3507 spes
769 3424 813 3488 est
834 3418 961 3487 exclusa
974 3414 1092 3505 salutis,

223 3508 320 3594 AEger
339 3510 543 3595 Apollineam
561 3510 700 3593 spernere
714 3508 805 3571 debet
820 3522 923 3590 opem.

187 3594 272 3679 Quas
290 3594 382 3659 miser
395 3594 538 3679 exspirat,
551 3592 703 3679 fugientes
721 3589 887 3677 naufragus
905 3606 994 3655 auras

226 3676 390 3760 captae&
408 3679 440 3743 in
455 3679 567 3743 mediis
584 3675 706 3743 brachie
725 3674 821 3759 jader
836 3673 937 3756 aquis.

78 3824 79 3827 ,
186 3758 317 3829 Tollere
335 3764 355 3826 fi
372 3776 472 3827 tentos
489 3763 587 3829 nescit
606 3759 761 3825 medicina
780 3756 914 3844 furores,

228 3840 284 3908 Ne
299 3845 397 3927 poffit·
407 3846 490 3911 virus
507 3847 657 3931 crescere,
671 3843 753 3909 forte
769 3843 864 3909 dabit.

188 3928 328 4015 ERGO,
337 3934 411 4017 agel
427 3930 615 4015 Hypermori
629 3946 737 3995 euram
754 3928 808 4009 qui
828 3924 908 3992 sulci
929 3924 966 4008 ir,
986 3938 1115 3989 omnem

225 4010 325 4087 Tolle
340 4032 477 4099 moram,
495 4015 729 4187 &Ptomgm'fi
743 4026 853 4097 potes,
921 4027 924 4029 ’
952 4024 1057 4095 opem
1075 4086 1110 4174 Q

187 4118 191 4126 ⁴
355 4126 358 4135 =
674 4115 777 4181 qq2,
1111 4102 1165 4151 ulla
