3117 4842
500 425 533 504 C
584 421 620 502 Δ
670 427 711 499 Ρ.
787 423 863 502 IX.
1103 444 1185 532 415

248 559 372 653 impius
387 579 481 650 atque
498 567 566 650 pius
583 565 672 650 parili
689 583 772 632 nunc
789 563 871 631 iotte
886 564 1046 657 fluunrur,

245 654 357 736 Atque
374 651 498 716 idcirco
515 667 609 736 caput
626 654 742 717 tollens
760 644 888 734 impune
904 667 1032 738 uagatur
1050 723 1060 738 ι

249 739 343 806 Gens
358 735 472 802 velana
488 736 901 820 hominum,·scelerumqoe
918 738 1046 805 libidine
1061 743 1159 830 rupti,¹

249 817 412 904 Nequitia
429 822 504 886 daut
519 821 608 884 liena
623 821 697 904 sue,
717 820 792 885 dant
806 817 894 885 frena
911 819 1022 908 furori,

248 905 346 976 Dum
359 909 414 970 lux
425 910 510 968 alma
521 903 813 989 manet,taudemin
824 905 998 972 cavabulla
1009 910 1178 1002 uehuntur,

250 989 345 1058 Tum
363 991 493 1054 demum
510 990 615 1075 gelida
631 988 785 1055 taciturna
802 987 921 1053 insede
939 991 1121 1072 quiescunt:

252 1075 340 1159 Quis
351 1072 439 1139 furor
458 1073 509 1140 iile
524 1073 584 1139 fuit
600 1073 784 1138 sceleratam
799 1073 914 1138 ducere
928 1075 1036 1173 vitam,
1193 1084 1195 1091 “

253 1162 335 1244 Qua
354 1155 458 1224 subitd
475 1156 637 1242 aufugiens
655 1157 786 1224 nriseros
796 1157 962 1240 inopesque
977 1161 1132 1244 reliquit!>

217 1303 221 1310 .
254 1241 389 1324 lantque
403 1243 601 1327 jacent‚nec
618 1239 670 1326 l‘pe
687 1241 777 1308 sortis
794 1241 934 1308 melioris
951 1245 1088 1313 aluntur.

206 1345 231 1411 4
253 1326 403 1412 Quisquis
422 1328 507 1390 euim
523 1327 612 1392 vivos
629 1329 708 1392 inter
723 1327 872 1393 vitalibus
886 1326 970 1392 auris

253 1411 412 1496 Vescitur,
433 1410 566 1476 indutis
583 1411 636 1476 fibi
653 1413 722 1475 laeta
738 1429 776 1475 ac
795 1410 904 1475 dulcia
919 1410 1012 1477 rebus

252 1495 411 1564 Evennrra
427 1509 538 1578 putans
555 1495 699 1561 animum
713 1493 764 1580 ipe
781 1494 905 1560 sustinet
921 1509 1054 1582 aegtum3

251 1579 400 1646 Maxima
415 1579 557 1649 sollicita
574 1579 646 1644 sunt
665 1582 729 1644 hoc
745 1578 900 1652 solamina
915 1582 1005 1650 vita:

252 1661 344 1730 Nam
362 1663 449 1728 canis
465 1663 645 1733 exanimum
661 1665 813 1747 prarellit
827 1664 899 1731 viva
914 1667 1063 1730 leonem·

209 1768 231 1832 5
252 1747 401 1832 Quisquis
419 1748 503 1812 enim
518 1747 629 1818 fruitur
646 1749 731 1814 vitali
749 1748 882 1832 lumine,
901 1764 1043 1814 mortem

251 1831 323 1914 Jatn
338 1833 406 1917 jam
422 1832 530 1898 instare
545 1832 666 1915 videns,
684 1833 819 1898 venienti
837 1851 1003 1898 occurrere
1017 1831 1087 1898 fato

253 1919 313 1982 llle
330 1936 433 2000 parare
444 1915 557 2002 potest3
578 1929 623 1997 ut,
642 1913 722 1980 crim
735 1916 790 1980 sua
800 1916 943 1978 membra
952 1915 1091 1998 reliquit,

253 1999 385 2083 Spiritus
401 1999 556 2064 aetheriam
571 1997 711 2077 scandat,
725 2017 826 2063 novus
842 1998 961 2081 incola,
975 1997 1093 2083 sedem,

252 2083 414 2170 Angelico
429 2079 595 2164 plaudente
612 2082 728 2160 choro;
748 2101 814 2146 non
829 2099 961 2164 corpore
976 2080 1096 2147 fauna

127 2208 132 2216 ·
252 2169 329 2232 Hoc
348 2165 484 2248 prostare
499 2167 601 2228 valent
618 2165 745 2244 animm
764 2184 836 2250 nec,
856 2164 1014 2249 quidquid
1027 2165 1061 2234 iu
1075 2165 1153 2234 orbe

254 2250 409 2316 Humano
424 2249 548 2335 geritur,
567 2245 696 2333 norunt,
714 2269 775 2314 nec
793 2248 921 2316 noscere
933 2263 1060 2316 curant:

253 2331 447 2398 Mercedem
462 2330 559 2398 eraut
577 2333 675 2398 nitido
692 2333 748 2398 sub
763 2333 833 2400 sole
848 2332 964 2398 laboris

256 2416 328 2497 Jam
345 2420 482 2483 tulerunt
488 2438 498 2497 ;
519 2417 584 2500 spes
601 2420 690 2482 nulla
706 2417 793 2482 aliud
810 2416 963 2482 mercedis
978 2414 1127 2482 habendi.

213 2505 235 2570 6
255 2503 381 2567 Horum
395 2499 480 2564 fama
497 2501 591 2566 edam
606 2501 764 2570 sociorum
783 2499 801 2566 l
817 2501 971 2567 mentibus
988 2501 1094 2566 omnis
1123 2504 1127 2509 ’

253 2585 395 2670 Ersulat,
413 2587 525 2650 horum
541 2586 635 2650 etiam
650 2603 815 2671 maerores,
833 2585 957 2672 gaudia,
976 2585 1069 2671 livor,

253 2669 392 2735 Blandus
408 2686 509 2754 amor,
529 2672 659 2755 flagrans
674 2669 794 2755 odium,
812 2687 890 2734 cum
906 2669 1031 2736 flamine
1045 2669 1129 2761 rita,

256 2753 382 2819 Cunila
400 2753 489 2817 fimul
508 2769 614 2818 tenues
628 2755 741 2820 abeunt
756 2754 887 2841 fugitiva
971 2771 1077 2822 auras:

255 2835 332 2903 Nec
351 2853 454 2902 rerum
470 2851 579 2902 aurato
594 2837 681 2903 nitidi
697 2837 752 2904 sub
770 2839 889 2904 lumine
931 2837 1015 2904 hoebi

257 2923 423 2988 Gestarum
438 2921 510 2986 hinc
528 2925 629 2985 ullam
645 2922 733 3002 datm
749 2923 795 2987 his
810 2923 958 3010 attingere
972 2935 1104 3006 partem.

214 3019 234 3090 7
255 3005 342 3090 Quid
357 3005 454 3072 facias
470 3005 579 3092 igitur?
600 3009 682 3072 bona
696 3022 731 3073 tu
746 3008 904 3090 pereuntia
919 3021 1021 3090 capta,

261 3089 353 3156 Dum
370 3090 436 3156 finit
450 3090 525 3154 hora
538 3089 650 3178 fugax:
670 3105 810 3176 reparent
826 3090 970 3157 Cerealia
983 3091 1065 3155 vires
1169 3109 1173 3114 ’

256 3165 405 3257 Munera,
426 3175 588 3240 laetificum
603 3178 719 3242 relevet
733 3177 788 3241 tibi
804 3172 931 3324 Belou
944 3174 1074 3242 riuumt

257 3258 332 3324 Hoc
350 3259 450 3341 decet,
471 3259 588 3324 aetherei
605 3261 713 3343 probat
728 3260 790 3325 hoc
842 3262 997 3326 ominatur
1012 3256 1060 3322 Ol
1135 3255 1158 3340 i

213 3337 234 3407 8
257 3341 316 3408 Un
339 3355 431 3406 uenta
447 3343 613 3408 exhilarent
628 3359 732 3428 caput,
753 3345 854 3412 &tibi
872 3363 1006 3426 corpora
1020 3339 1049 3405 c‘

255 3360 357 3492 veliis
374 3427 575 3509 hyperboreas
591 3429 714 3493 imitans
731 3428 866 3493 candore
880 3428 1014 3511 pruinas.
1137 3475 1144 3486 .

210 3530 235 3597 9
255 3509 342 3574 Cum
357 3510 500 3576 consorte
515 3511 586 3592 tori,
605 3510 694 3575 dulci
711 3529 787 3576 cum
802 3513 950 3609 conjuge,
969 3513 1058 3574 latus

259 3593 356 3682 Exige
371 3595 505 3678 l'epofitis
525 3611 626 3658 evum
642 3594 836 3678 irreparabile
851 3615 950 3662 cuns:
966 3611 973 3626 ·

260 3675 353 3744 Dum
368 3679 484 3766 fragilis
500 3677 554 3743 tibi
569 3677 632 3746 vita
647 3679 818 3744 manetsub
833 3679 952 3746 lumine
968 3676 1092 3761 Plroebi,

258 3759 352 3828 Dum
366 3761 484 3909 frapglis
499 3761 554 3827 tibi
570 3764 633 3828 vita
648 3780 765 3849 manet,
785 3765 943 3851 Regnator
959 3761 1094 3846 Olympi

259 3847 369 3932 Quam
384 3849 421 3913 tri
444 3847 504 3913 uit:
525 3863 645 3912 merces
662 3851 777 3916 etenim
793 3851 847 3916 tibi
865 3850 933 3916 sola
948 3845 1064 3912 labmis

258 3931 321 3997 Illa
337 3932 427 3996 datur
443 3927 530 3996 uiridi
545 3932 640 3998 rutilo
655 3933 710 3998 sub
727 3935 848 4000 lumine
864 3932 984 3999 Phoebi.

199 4032 240 4085 10
260 4013 360 4103 Quod
375 4013 430 4083 tibi
444 4013 595 4102 contingi
608 4015 803 4106 iasisudum,
818 4019 879 4087 ltoc
896 4017 1014 4105 perfice
1028 4014 1133 4176 εῧιξοᾞ
1181 4096 1186 4111 ⁸

220 4133 227 4141 ·
1075 4117 1112 4167 ll’l
1132 4113 1192 4177 llll
