3117 4842
501 383 660 466 CAP.
712 378 908 468 XXXIV.
948 409 953 417 '
1126 422 1196 506 257
1288 331 1291 338 ⁸

211 515 422 604 Intentusque
439 517 522 600 Jobo
538 519 655 606 similis,
675 519 808 586 ludibria
823 535 908 588 muta

211 605 280 690 Qui
297 622 395 689 voret,
415 605 558 672 innocue
575 626 634 671 ceu
651 605 757 669 dulcia
772 623 904 672 munera
919 610 1072 693 lympha?

208 689 317 772 Seque
336 691 400 754 illis
416 690 502 755 addit
515 690 649 776 socium,
671 708 750 771 quos
766 695 858 755 nulla
873 688 1030 761 Tonantis

214 770 303 838 Cura
319 789 414 856 tenet,
433 775 530 839 nullis
544 774 640 839 virtus
657 775 828 856 compescit
841 775 987 842 habenis?

209 857 384 941 Quorsum,
405 857 515 941 inquit,
534 857 633 923 studio
650 858 814 939 quisquam
828 857 962 926 ducatur
977 861 1071 950 inam,

208 938 253 1006 Et
268 950 390 1027 gratam
406 957 493 1006 curet
508 941 594 1022 jovae
611 943 770 1006 traducere
785 941 898 1008 vitam?

209 1025 293 1108 Vos,
315 1025 338 1089 ὁ
355 1026 488 1090 cordati!
511 1029 651 1110 appello;
671 1025 820 1090 scelerata
834 1025 981 1094 facessant

208 1107 316 1174 Verba
330 1114 453 1194 procul,
473 1130 531 1176 nec
549 1111 634 1174 enim
650 1111 737 1175 novit
752 1111 877 1176 coetelte
893 1113 1025 1178 tribuual
1142 1178 1146 1182 l

207 1190 391 1278 Flagitium,
411 1195 536 1260 arbitrio
551 1193 706 1272 mundum
722 1195 809 1274 quod
825 1209 974 1279 temperat
989 1195 1092 1284 aquo,

208 1275 254 1342 Et
270 1285 378 1361 peenas
395 1278 515 1362 sceleti,
534 1278 684 1344 &virtuti
699 1279 824 1360 premia
840 1281 936 1362 ponit.
1034 1341 1038 1346 .

206 1361 303 1426 Anne
319 1363 418 1426 alium
436 1380 625 1444 quemquam
642 1377 728 1426 terrae
744 1361 880 1445 praefecit
899 1365 1043 1431 habenis?

207 1445 405 1512 Immensove
422 1447 523 1529 praest
540 1452 628 1529 alter,
650 1463 746 1526 quem
762 1446 914 1531 condidit,
933 1449 1018 1517 orbi?

210 1529 271 1594 Ille
290 1531 379 1596 fimul
399 1533 507 1596 flatum
523 1530 596 1595 vasti
613 1549 678 1613 quo
694 1532 840 1598 machina
856 1533 967 1596 mundi
1063 1594 1067 1601 .

207 1609 297 1678 Tota
311 1615 420 1700 agitur,
440 1616 613 1698 spirantque
630 1613 691 1680 illis
709 1615 875 1682 animantia
891 1617 989 1703 terris,

207 1694 330 1762 Evocet
346 1699 385 1762 ad
402 1698 476 1783 sese,
495 1698 597 1763 subito
615 1698 787 1764 exanimata
802 1699 944 1766 fatiscent
1064 1732 1069 1741 ·

206 1779 338 1865 Omnia,
358 1784 388 1849 dt
407 1781 532 1848 informi
546 1782 647 1847 solvet
662 1783 694 1846 se
711 1785 780 1848 tabe
798 1783 930 1852 cadaver
963 1850 967 1854 Α

204 1865 244 1930 ln
262 1865 392 1951 cineres,
431 1867 528 1932 oneris
548 1866 708 1948 quondam
724 1867 894 1949 primordia
907 1867 1012 1932 nostri.⁸

204 1945 261 2013 Da
276 1950 352 2014 mihi
368 1967 399 2016 te
410 1887 554 2034 iadilem,
575 1951 596 2014 st
614 1949 689 2031 quid
705 1951 760 2014 tibi
777 1951 902 2031 mentis,
923 1952 1014 2015 Iobel

202 2031 311 2098 Restat
325 2034 440 2116 adhuc,
459 2049 620 2098 tantumne
637 2047 693 2095 tuo
711 2032 813 2096 scelus
829 2032 944 2098 excidit
960 2047 1025 2115 ore,

202 2113 376 2180 AEternum
393 2134 497 2180 rerum
515 2113 703 2194 Dominum,
722 2116 860 2197 coelique
875 2115 1042 2199 perenucni

201 2199 431 2284 Regnatorem,
451 2195 546 2263 odisse
564 2199 648 2280 pios;
669 2197 805 2263 indicere
820 2201 941 2263 bellum

202 2282 346 2364 Julliriae,
368 2281 398 2348 dt
415 2281 556 2348 sanetum
573 2281 725 2346 maculari
740 2283 809 2352 labe
823 2279 977 2347 tribunal?

200 2367 251 2432 At
267 2385 333 2430 non
350 2367 414 2430 hac
434 2364 562 2450 impune
579 2365 646 2431 finit
662 2379 784 2447 patrare
794 2384 847 2447 per
864 2367 972 2429 orbem

200 2449 396 2538 lnjuliosque
411 2449 509 2515 duces
525 2449 644 2532 populi,
663 2447 808 2531 regesque
823 2448 982 2532 superbos,
1110 2501 1119 2510 .

202 2532 440 2622 Magnetesque,
461 2535 626 2615 inopesque
643 2551 732 2612 aequo
748 2531 925 2597 discrimine
938 2532 1053 2616 penfit⁴

202 2618 352 2699 Cumque
367 2617 455 2682 furor
469 2618 555 2702 vulpi
571 2615 683 2680 fecem
699 2619 863 2698 populatur
877 2617 993 2703 inertis,-

103 2753 107 2760 .
201 2699 307 2766 Nulla
324 2701 341 2765 a
360 2702 451 2766 clade
467 2713 568 2786 tegent
584 2699 710 2782 injustos
728 2699 846 2782 sceptra
860 2715 1018 2785 tyrannos,

203 2785 264 2853 Sed
283 2787 346 2850 fine
368 2783 399 2848 vi
418 2799 544 2868 pereunt
560 2783 669 2846 media
685 2782 741 2870 sub
758 2798 897 2866 tempora
911 2785 1023 2851 nodis.

246 2871 305 2935 Ille
316 2868 432 2934 etenim
449 2867 569 2934 intentis
588 2867 696 2930 orbem
708 2868 869 2948 perlustrat
883 2870 1007 2953 ocellis,-

204 2950 420 3033 Observatque
437 2952 501 3017 vias
518 2951 692 3033 hominum,
712 2951 870 3014 tenebrosa
886 2951 1047 3038 profunda

203 3035 323 3102 Mortis
341 3035 472 3101 claustra
489 3035 580 3116 subit,
598 3053 637 3098 ne
653 3053 719 3115 quo
735 3031 766 3098 le
783 3033 898 3099 condat
912 3035 944 3100 in
959 3049 1048 3102 antro

203 3121 359 3205 Impietas,
381 3121 492 3186 fidatve
511 3119 585 3184 ullis
602 3120 730 3183 occulta
747 3116 880 3182 latebris.

203 3201 279 3269 Nec
298 3220 401 3270 tamen
419 3201 571 3268 immeriti
591 3218 781 3284 quemquam
794 3199 971 3285 julliffimus
988 3204 1072 3270 ultor

204 3287 306 3354 Clade
324 3289 409 3372 petit,
428 3287 583 3368 fortesque
598 3287 693 3369 viros,
712 3287 911 3366 multumque
928 3301 1067 3368 potentes

200 3371 356 3458 Conterit,
376 3388 412 3436 ut
428 3371 509 3436 solio
523 3369 622 3455 justus
636 3369 784 3434 succedat
801 3369 919 3450 iniquot
1017 3408 1021 3416 ι

200 3455 229 3522 F
230 3455 300 3522 ada
317 3455 427 3540 injusta
443 3468 562 3538 patent3
582 3471 655 3518 nam
672 3450 772 3516 nodis
792 3451 929 3534 protinus
946 3451 1071 3520 umbrat

200 3539 353 3622 Discutit,
373 3541 403 3606 ἃ
424 3537 508 3604 clari
526 3536 716 3620 resplendent
732 3534 837 3610 omnia
853 3537 936 3598 luce.
1053 3547 1055 3557 ¹

201 3625 255 3691 Ae
274 3622 372 3690 veluti
389 3624 509 3688 inflatos
526 3621 689 3705 quisquam
706 3617 905 3700 comploserit
921 3632 1016 3706 utres,

200 3707 256 3775 Sic
275 3708 331 3772 ille
349 3707 380 3772 in
397 3706 517 3791 propria
534 3703 672 3772 tumidus
691 3703 816 3768 llatione
833 3703 962 3786 peribit:

177 3841 180 3848 .
199 3788 354 3873 Namque
370 3789 434 3856 Dei
453 3791 564 3876 sprevit
580 3793 674 3874 leges,
696 3788 725 3854 dt
743 3787 844 3854 noluit
861 3788 928 3869 ejus

202 3874 297 3940 Padla
313 3875 412 3958 sequi,
432 3873 623 3962 gemitusque
640 3874 757 3956 inopes,
777 3871 915 3938 &tristia
930 3869 1025 3939 verba

201 3955 360 4046 Pauperis,
379 3959 516 4028 excellat
533 3956 763 4109 J⁰v²f<dssd⁰¹i⁸
778 3954 819 4024 ad
834 3972 937 4027 aures.
1009 4017 1015 4028 ,
1130 4019 1191 4099 me
