3117 4842
434 711 471 794 C
528 711 568 794 A
624 706 668 788 P.
752 707 944 796 XXXII.

343 893 424 964 Une
437 907 497 964 tres
510 895 604 962 amici
616 909 681 962 tam
690 893 813 963 feroces
822 913 912 966 antea
1015 896 1020 902 ’
1160 897 1167 905 ’

288 1057 291 1064 y
346 981 483 1066 Animis,
491 982 1027 1069 procacesvultibusque&vocibus,

257 1063 309 1131 Os
327 1066 507 1152 reprimunt,
527 1066 693 1136 &exitum
707 1067 808 1134 verbis
827 1084 952 1166 negant:

163 1157 168 1178 ¹
255 1146 347 1215 Nam
365 1150 428 1220 sese
446 1149 545 1231 Jobus
562 1151 692 1216 vocibus
710 1169 769 1215 nec
786 1151 909 1240 asperis,

255 1231 410 1299 Sermone
428 1233 545 1301 blando
559 1254 618 1299 nec
635 1235 759 1301 volebat
775 1236 901 1333 corrigi,

255 1315 328 1383 Suae
345 1319 408 1402 ipse
421 1320 571 1402 plaudens
586 1317 717 1387 suaviter
731 1319 910 1408 prudentia,

214 1419 235 1471 2
256 1396 354 1468 Tunc
371 1402 548 1471 Barachelis
563 1417 742 1484 procreatus
758 1401 887 1489 semine,

254 1481 366 1551 Buzita
382 1502 471 1572 gente
489 1503 589 1569 natus,
613 1505 651 1549 ac
670 1485 788 1572 origine

254 1567 392 1654 Ramita,
408 1570 536 1637 Eiichus
549 1571 618 1636 arsit
634 1568 677 1634 itt
694 1568 846 1655 turbidus,

256 1651 415 1720 Adversus
431 1655 530 1737 ipsum
548 1655 654 1720 exarsit
671 1652 872 1732 inturbidus

255 1737 380 1824 Iobum,
400 1738 513 1822 iniquis
532 1739 585 1822 qui
602 1735 666 1811 Dei
678 1740 851 1812 calumniis

256 1819 354 1886 Suam
370 1823 446 1887 tueri
463 1824 552 1888 nixus
571 1822 783 1893 innocentiam
799 1827 852 1888 est.

212 1921 233 1994 3
255 1904 507 1990 Adversun-ipsos
525 1906 654 1982 arsitia
672 1906 812 1972 turbidus

252 1987 323 2053 Hos
341 2004 402 2056 tres
420 1992 553 2072 amicos,
569 1991 609 2056 fic
624 1989 738 2052 Iobum
747 1989 784 2086 ju
806 1989 863 2066 iter

253 2070 487 2156 Calumniator,
506 2088 568 2136 nec
585 2083 691 2146 tamen
705 2090 765 2141 cau
860 2069 952 2159 fitam

250 2154 383 2220 Fulcire
398 2155 488 2236 iapfis
505 2152 683 2227 sustinentes
697 2153 825 2222 viribus.
1056 2156 1061 2169 ¹

206 2235 420 2318 4Elichuce
458 2237 606 2321 {mansit
621 2237 719 2322 usque
734 2240 775 2304 ad
791 2240 917 2306 ultimas
1140 2263 1144 2270 ·

251 2321 362 2418 Vocet
376 2259 478 2406 1όὲᾕο
477 2323 662 2408 ἰῃβῐῃιῐῑαῑῐε
681 2323 841 2416 consciae,
952 2386 956 2396 ,
1003 2327 1008 2352 ¹

252 2405 335 2491 Quae
348 2408 513 2492 juniorum
529 2407 608 2508 sape
625 2422 746 2485 mentes
764 2421 912 2498 occupat,
945 2465 949 2470 .

210 2505 232 2572 5
252 2489 299 2556 At
314 2509 390 2556 cum
407 2491 591 2565 obserassent
607 2491 740 2566 claustra
762 2491 876 2591 lingua
899 2489 1026 2577 fervida
1108 2566 1111 2574 ,

252 2573 298 2640 Ηῐ
316 2590 375 2641 tres
391 2576 496 2662 amici,
523 2580 592 2661 jam
606 2573 713 2644 furore
728 2595 864 2660 percitus

253 2657 353 2725 Suam
371 2659 433 2744 ipse
449 2659 576 2726 tandem
592 2659 721 2744 protulit
734 2660 927 2726 sententiam.
977 2725 981 2732 ,

208 2743 233 2810 6
246 2741 336 2828 Jam,
348 2741 532 2810 'Barachelis
551 2759 729 2826 procreatus
747 2743 876 2828 semine,

251 2827 374 2912 Burita,
393 2827 522 2908 Elichus
538 2827 631 2894 solvit
647 2847 702 2892 ora
719 2828 850 2896 talibus:

251 2909 322 2998 Ego
337 2913 471 2996 juvemae
488 2911 587 2976 limen
602 2911 756 2996 ingredior
772 2914 863 2996 tireae,

253 2995 298 3059 At
314 3015 371 3062 vos
388 2993 546 3085 seuctiani
562 2995 729 3094 contigistis
746 2997 909 3073 ultimam:

254 3077 340 3144 Hinc
356 3079 608 3164 corde'pavidus,
624 3080 695 3160 hinc
711 3081 824 3160 timore
841 3077 989 3174 pallidus,

250 3158 346 3228 Meas
359 3163 474 3232 latebri
491 3163 651 3246 opiniones
669 3165 770 3250 obrui,

253 3241 328 3310 Nec
359 3239 537 3330 'ropalatam
551 3249 666 3334 protuli
677 3247 870 3331 sententiam,

211 3344 230 3412 7
251 3325 329 3396 Sene
362 3351 391 3416 a,
410 3331 485 3416 dixi,
504 3351 595 3416 cana,
609 3335 716 3416 cycnis
734 3336 858 3417 aemula,
943 3336 967 3344 “

251 3411 379 3482 Promat
395 3416 526 3489 latebras
541 3416 674 3484 veritatis
687 3417 809 3484 intimas

252 3496 372 3566 Educta
389 3500 492 3608 longis
510 3515 687 3584 temporum
704 3465 891 3564 decoribus.
961 3585 964 3590 -
989 3589 991 3592 ⁴

85 3645 86 3648 ,
210 3578 230 3654 8
250 3579 339 3668 Dixi,
357 3584 409 3650 sed
427 3585 479 3654 htc
497 3593 549 3651 ine
565 3583 731 3656 credulum
746 3602 830 3646 error
846 3579 984 3648 abstulit:

85 3667 87 3688 “
251 3663 369 3734 Divina
385 3668 491 3754 pedus
509 3669 621 3738 incolit
635 3667 821 3746 mortalium

249 3749 361 3836 Mens,
381 3772 476 3835 quarn
491 3753 630 3836 perennis
641 3753 898 3828 omniumrermn
907 3769 1016 3836 parens

249 3835 340 3902 Inflat
356 3837 462 3926 vigore
480 3839 637 3920 flammeo,
658 3857 723 3919 quo
739 3836 866 3902 concita

251 3916 423 3986 Prudenter
440 3939 550 4002 omnes
566 3921 702 4006 actiones
717 3921 831 4009 dirigit,

224 4000 422 4090 ‚Creuitque
439 4003 575 4074 unctam
592 4005 668 4074 recti
685 4007 715 4074 ἀ
732 4005 811 4089 equi
826 4003 976 4090 regulam·
1281 4029 1290 4046 ·

551 4085 666 4176 Yya
745 4121 750 4133 ·
1058 4081 1181 4182 9Nw
