3117 4842
1035 565 1039 572 Ι
1100 446 1179 526 427

185 584 1177 825 remunerabuntur

233 835 1155 1053 cauticum

185 1087 361 1359 M
466 1074 797 1347 OS
890 1073 956 1348 I
1048 1075 1167 1352 S,

235 1419 369 1538 Quod
379 1407 613 1502 continetur
637 1416 855 1495 Duorum
875 1416 971 1526 Cap.
996 1419 1128 1504 xxxii.

450 1601 566 1678 Latino
584 1599 721 1675 carmine
737 1599 922 1674 redditum:

219 1725 375 1818 Eodem
405 1727 678 1811 Gunrunmo
716 1729 916 1815 HocAEo
946 1730 1142 1825 Audlore.

138 2015 144 2028 ,
231 1935 444 2146 AUdite,
460 1931 483 1998 ὀ
501 1931 603 2002 Coeli!
616 1953 685 2016 quae
695 1952 778 1998 nunc
786 1895 849 2081 ego
859 1934 952 2000 verba
961 1935 1166 2024 profirndatn3

348 2021 390 2086 Et
406 2029 513 2098 voces,
536 2016 559 2080 ὸ
579 2021 678 2081 terra!
701 2031 788 2084 tuam
826 2019 931 2084 emitte
946 2039 1000 2104 per
1016 2042 1125 2096 aurem

350 2101 538 2185 Mellifluas,
560 2117 636 2182 quas
648 2099 709 2182 ipse
725 2119 837 2167 canam
857 2101 1024 2170 dulcedine
1039 2107 1129 2172 miri.

213 2209 234 2260 2
254 2183 379 2283 Magna
390 2200 500 2248 canam
517 2181 658 2248 miranda
666 2182 776 2268 fetam,
783 2186 984 2253 memoranda
992 2190 1174 2281 recludam,'·

214 2323 216 2330 .
254 2269 365 2354 Quers,
383 2287 458 2352 gens
474 2231 646 2333 liberdum!
666 2269 991 2352 cupidasfiadvertitis
1003 2280 1103 2359 aures,
1145 2334 1150 2341 ,
1171 2333 1176 2342 ,

253 2351 400 2420 Efficiant
414 2351 526 2417 virtute
537 2351 677 2417 animum
693 2351 865 2438 florescere,
883 2368 1045 2438 tamquam

253 2436 399 2504 Coelestis
415 2434 500 2502 cadit
515 2435 614 2501 imber
629 2454 717 2518 aquae
749 2455 814 2520 quo
823 2437 961 2524 gramina
976 2438 1122 2528 surgunt:

254 2519 307 2588 Ac
323 2519 420 2588 veluti
436 2539 487 2586 ros
502 2517 598 2591 mand
614 2539 698 2592 novo
713 2488 873 2597 deseendit
890 2523 923 2598 in
933 2524 1052 2617 herbas,

253 2605 392 2689 Indeque
405 2603 546 2688 purpurei
559 2603 713 2672 revirescit
725 2606 831 2690 gloria:
838 2606 925 2695 prati,

215 2712 235 2778 3
255 2685 346 2755 Nam
360 2687 502 2755 santium
521 2689 687 2756 celebrabo
701 2685 822 2775 Deum,
840 2708 1005 2791 rerumque
1021 2689 1162 2767 Parentis

254 2775 329 2856 Jure
345 2793 404 2862 ego
420 2771 602 2854 dodiloqua
618 2770 750 2838 referam
762 2775 916 2857 preconia
938 2775 1067 2872 lingui:
1117 2788 1121 2802 ¹

254 2859 324 2924 Vos
346 2877 472 2940 quoque
485 2853 568 2921 faeta
584 2854 647 2928 Dei
663 2855 775 2944 linguis
790 2848 942 2932 celebrate
960 2857 1087 2934 disertis.
1239 2871 1242 2878 '

175 3019 183 3039 s
212 2961 235 3027 4
254 2943 313 3010 Ille
330 2945 415 3008 velut
431 2959 520 3025 rupes
535 2941 641 3005 medio
657 2941 699 3016 est
717 2941 888 3017 firmissima
906 2957 1013 3040 ponto,

255 3028 335 3112 Qua
348 3025 488 3090 fremitus
504 3023 639 3090 salientis
655 3045 742 3106 aquae
759 3040 930 3092 contemnit
944 3025 1066 3098 inanes:
1128 3091 1133 3097 .
1255 3046 1261 3054 ’

253 3109 417 3194 Fiopofitis
433 3129 497 3174 non
512 3109 568 3172 ille
582 3109 643 3174 suis
657 3109 847 3188 frustrabitur
861 3127 1011 3193 umquam
1024 3134 1033 3189 ;

255 3195 315 3260 lile
332 3193 383 3258 srbi
400 3193 522 3265 constat
532 3191 662 3291 semper,
678 3193 813 3278 justique
827 3196 967 3267 tenorem

254 3276 297 3344 Et
310 3277 375 3341 veti
390 3274 527 3358 retllque
541 3279 620 3342 colit
633 3277 793 3359 servatque
808 3294 985 3362 perennem,

255 3360 436 3446 Flagitium,
450 3357 626 3440 fraudisque
641 3360 733 3426 dolos
751 3361 861 3433 exosus
876 3362 998 3442 inique,

214 3464 236 3526 5
256 3444 324 3512 Ab!
345 3463 441 3532 genus
453 3439 624 3520 Isacidtim!
643 3443 717 3524 quid
728 3443 830 3525 prisco
846 3445 863 3508 d
879 3443 1133 3528 sanguinevitam

256 3525 451 3614 Degenerare
469 3527 608 3609 tuam,&
624 3543 748 3590 morum
765 3527 925 3615 splendore
935 3529 1050 3614 coe'git,
1194 3571 1198 3576 <

202 3667 205 3676 .
257 3611 439 3694 Avertitque
449 3628 519 3688 tuos
556 3625 656 3674 atrum
673 3610 712 3673 de
727 3610 849 3674 tramite
864 3609 1003 3695 gressus?

213 3699 235 3768 6
255 3696 391 3784 Siccine,
428 3713 482 3762 ens
498 3631 617 3761 infant!
640 3693 795 3776 animique
812 3694 842 3759 dr
857 3692 988 3777 penoris
1003 3715 1123 3782 expett,

254 3779 309 3848 Sic
326 3781 386 3854 beu
417 3779 485 3845 adta
499 3777 565 3844 Dei
580 3795 693 3878 magna
710 3779 739 3852 dt
755 3782 900 3860 preclara
915 3799 947 3844 re
968 3779 1075 3845 endis?

255 3863 311 3928 An
321 3881 387 3928 non
396 3863 451 3926 ille
465 3839 536 3938 tubis
552 3863 697 3948 Genitor,
708 3861 792 3945 quid
809 3862 892 3928 caede
905 3799 1079 3929 redemtam

256 3945 410 4030 Restituit,
425 3946 592 4028 mortisque
603 3947 728 4025 trucite
740 3946 758 4010 l
772 3945 865 4013 fauce
878 3945 1025 4018 revulfit?
1120 3974 1122 3980 v

256 4027 297 4111 Et
315 4029 453 4108 stabilem
467 4030 552 4116 juffit
563 4031 639 4114 fieri,
659 4031 691 4094 in
708 4029 871 4116 solidoque
886 4027 1024 4098 locavitt
1261 4061 1263 4067 ·

601 4114 755 4188 unua
790 4206 793 4214 ¹
1019 4104 1172 4209 7Mentr
