3117 4842
210 557 297 651 ‚Nec
314 573 346 645 se
364 579 563 670 smaragdus,
579 605 644 654 non
659 587 721 672 ipse
738 587 901 675 Topazius
918 613 1018 681 aequet
1051 671 1054 675 ,
1073 671 1076 677 ,

216 657 420 754 AEthiopum,
440 690 499 735 nec
518 672 603 752 quod
620 692 816 760 gemmarum
837 683 994 750 maximus
1011 684 1107 762 orbit‘

217 743 406 836 Illacrimat,
425 750 586 838 Tethysue,
599 757 660 822 suis
678 759 785 825 irrorat
796 764 906 830 arenisr

215 827 278 892 Ast
295 833 346 896 ubi
362 835 493 915 secretas
511 841 578 904 fixit
592 842 751 922 prudentia
768 844 865 929 sedes,
983 920 988 931 ¹

215 911 232 974 l
256 931 345 982 norat
361 920 511 1003 quidquid
526 927 650 989 mortali
669 927 802 1008 carpitur
825 929 909 1013 auri,

258 995 334 1064 escit
351 1000 417 1085 iter,
435 1005 552 1072 levibus
569 1012 739 1091 coeloque
757 1011 884 1096 remigat
901 1002 970 1101 alis,

213 1075 366 1168 Perditi0,
386 1089 518 1154 &mors
537 1091 599 1173 ipsa
616 1093 686 1156 imis
704 1093 821 1159 defoffr
836 1100 970 1181 latebris,

214 1159 245 1226 F
247 1165 329 1248 arnt,
348 1160 444 1256 aiunt,
461 1173 575 1240 nostras
586 1185 713 1258 tanturn
728 1168 920 1258 pervenitad
937 1202 1024 1266 aures
1039 1191 1064 1252 i·

213 1245 264 1310 At
280 1247 370 1316 Pater
380 1259 584 1342 omnipotens,
605 1278 709 1342 rerum
725 1262 777 1346 cui
793 1262 915 1329 summa
926 1267 1067 1353 potestas,

213 1328 360 1400 decretos
377 1341 463 1404 novit
480 1346 588 1424 calles,
608 1364 784 1426 arcanaque
800 1346 890 1429 tedio.

213 1410 368 1502 Namque
386 1413 432 1486 illl
450 1439 553 1506 totum
569 1414 693 1492 Nereus
713 1429 774 1510 qud
796 1431 938 1512 personat
953 1433 1071 1520 orbem,

213 1495 259 1562 Et
275 1503 349 1566 coeli
372 1525 639 1597 convexnpatent,
660 1512 713 1594 qui
729 1515 866 1596 pondera
881 1516 993 1581 nimbis

215 1575 455 1671 Ventorumque
471 1594 527 1657 alis
545 1595 654 1676 statuit,
674 1596 835 1662 libramine
847 1599 931 1682 justo

214 1662 349 1734 Mensus
366 1677 473 1758 aquas,
492 1679 597 1760 superi
607 1679 660 1743 seu
671 1681 804 1763 pendent
817 1681 938 1748 fornice
953 1683 1096 1770 lymphae,

213 1748 280 1815 Seu
296 1759 421 1843 pelagus
437 1757 556 1826 vastum
574 1766 847 1835 conclufi8‚aestuet
862 1768 963 1832 undis.

213 1831 364 1920 Cumque
374 1841 443 1906 suas
460 1846 581 1928 pluvio,
599 1840 908 1934 fulgurptonitr'uque
923 1850 1120 1927 tremendum

211 1915 402 2008 Acpiperent
412 1930 507 2012 leges,
527 1931 593 1996 illic
611 1933 771 2014 prudentia
786 1933 852 1998 visa
867 1935 933 2013 est;

210 1999 355 2070 Exsetuit
370 2009 462 2091 vires,
481 2013 577 2079 faeiat
599 2035 647 2078 res
670 2015 778 2078 ordine
794 2015 922 2081 cundlas

209 2083 373 2153 Omnibus
390 2096 505 2174 aptayit
520 2100 668 2179 numeris,
688 2089 867 2179 penitusque
888 2099 1005 2183 reposta

209 2167 366 2254 Consilia,
385 2189 478 2256 atque
494 2178 592 2244 aditus
615 2181 865 2266 pervestigaverat
882 2184 984 2266 imos:

210 2250 273 2318 Ast
290 2255 354 2316 haec
372 2255 451 2320 scite
468 2261 627 2326 hominem
642 2264 758 2343 voluit;
779 2263 922 2345 sapientia
936 2269 1059 2332 summo
1072 2263 1115 2340 est

208 2333 261 2402 Ex
277 2336 385 2402 animo
402 2343 540 2409 metuiffe
564 2343 684 2426 Deum,
707 2347 911 2429 &prudentia
926 2351 1026 2432 prima

209 2419 245 2490 A
260 2419 338 2486 vitio
352 2413 473 2510 fugere,
490 2431 520 2495 dr
536 2431 639 2496 renos
659 2429 788 2495 innuere
803 2430 911 2513 eallesi

463 2646 497 2730 C
558 2649 594 2730 A
653 2649 694 2730 P.
762 2649 931 2736 XXIX.

270 2829 390 2901 Etrexit
407 2835 515 2922 Jonus,
535 2833 646 2925 linguei
664 2841 703 2906 fic
721 2830 851 2907 claustra
866 2843 1030 2914 resolvens]

290 2917 322 2982 O
340 2922 415 2984 mihi
430 2924 583 3004 praeten'tae
600 2923 709 2989 referat
732 2929 752 2990 li
775 2931 914 3010 tempora
932 2932 1000 2995 viter
1042 2943 1046 2948 '

211 3000 431 3090 Omnipotens,
452 3001 552 3088 qualis
568 3009 672 3090 primae
687 2997 742 3073 sub
761 3013 842 3073 flore‘
855 3015 988 3095 juvente
1029 3048 1033 3053 1

210 3080 362 3152 Numinis
379 3091 496 3155 auxilio
511 3091 645 3180 fueram,
667 3092 742 3160 cum
759 3095 870 3176 previa
885 3101 1004 3180 lampae

209 3165 366 3258 Dirigeret
382 3189 482 3238 certos
500 3177 587 3239 nobis
604 3197 655 3258 per
678 3167 827 3260 inhospita
841 3177 953 3266 grellus
970 3185 979 3250 l

209 3249 290 3318 Non
306 3257 374 3401 {jus
392 3259 510 3325 nostros
534 3275 601 3322 turn
622 3261 787 3348 dedignata
802 3278 922 3344 penates

209 3337 296 3402 Cura
327 3341 380 3423 uit,
400 3343 569 3412 numerosi
587 3345 662 3408 mihi
679 3365 755 3424 cum
772 3347 891 3416 luderet
907 3348 978 3416 tull

209 3418 387 3508 Progenies,
406 3428 541 3508 oleoque
558 3421 635 3491 mere
651 3429 773 3510 vestigia
789 3419 900 3511 plante

82 3535 83 3542 κ
173 3503 180 3524 “
207 3505 392 3592 Abluerem‚
414 3511 550 3592 &rupes
568 3511 680 3575 succos
694 3507 818 3577 stillaret
835 3515 943 3582 olivae:

206 3587 457 3674 Cumqueurbis
474 3609 608 3678 peterem
630 3610 745 3678 portas,
764 3593 905 3678 solioque
926 3588 1045 3668 vocans

208 3672 283 3754 Jura
294 3675 403 3740 dar'em
418 3679 552 3762 populis,
572 3694 647 3744 tunc
666 3679 841 3748 inconsulta
854 3684 999 3766 juventus

206 3755 354 3823 Condere
371 3760 402 3826 se
419 3763 555 3847 latebris,
575 3763 736 3850 adsurgere
754 3783 831 3830 cana
846 3769 985 3833 seuedlus

208 3839 369 3926 Sueverae
390 3846 494 3912 intenti
512 3867 654 3930 proceres
671 3849 764 3914 tacita
781 3871 837 3927 ota
852 3855 1005 3933 tenebant,
1123 3935 1128 3946 Ι
1233 3928 1237 3936 Ι

208 3915 284 3992 Nec
301 3927 468 4010 quisquam
484 3931 574 3998 solvit
594 3935 771 4000 nocituram
786 3933 819 3999 in
836 3938 997 4000 murmura
1013 3930 1164 4023 linguam.

208 4005 282 4102 Me,
302 4007 483 4102 quicunque
499 4013 635 4104 aderaut,
654 4037 721 4084 uno
738 4018 827 4086 sunul
844 4038 898 4092 ore
914 4017 1052 4091 fuebant

677 4097 725 4174 Ii
1116 4096 1197 4176 ‘Ad
