3117 4842
384 433 461 520 ⁴³0
590 398 864 488 cauum!
889 350 1093 484 auom
1112 412 1167 488 11.

449 549 547 624 Mors
562 552 657 638 rapiet
672 571 794 636 pueros,
812 548 934 618 senibus
951 569 1078 635 quoque
1092 557 1221 623 vulnere
1238 558 1322 627 savo

341 691 346 698 .
450 638 561 704 Cedet
576 639 711 708 olorinas
727 636 878 707 imitantia
892 651 1032 722 tempora
1047 640 1181 721 plumas.

389 726 431 804 26
445 722 506 794 An
522 743 586 790 non
601 725 632 788 dr
648 718 741 804 patrii
757 719 874 803 cjedios
893 740 951 789 vos
968 721 1104 803 undique
1120 723 1257 792 cunctos

452 805 636 892 Dispergam
653 805 684 870 in
700 809 846 888 populos,
865 805 1045 886 penitusque
1061 807 1080 870 d
1097 807 1184 890 stirpe
1200 811 1368 885 revellam?

390 909 432 978 27
450 891 530 960 Haec
546 887 693 972 facerem,
708 887 762 954 niu
778 889 846 972 jam
862 889 948 974 vulgi
963 888 1049 962 male
1063 890 1214 958 credulus
1227 915 1325 980 error,
1455 932 1456 943 η

454 974 595 1056 Diraque
609 973 765 1058 sacrilegae
780 987 905 1040 revocet
921 990 973 1044 me
988 973 1104 1040 insania
1119 976 1250 1062 linguae:

451 1057 500 1138 Ni
514 1057 595 1124 forti:
611 1055 725 1129 hostilis
742 1057 852 1138 rabies,
871 1055 929 1131 hic
947 1055 1037 1127 clade
1052 1059 1239 1145 tumescens,

449 1141 576 1210 Viribus
594 1139 739 1228 affignarc
756 1140 818 1211 suis
831 1141 912 1206 foret
927 1139 1010 1223 ausa,
1030 1141 1117 1222 quod
1133 1141 1195 1225 ipse

450 1223 660 1307 Prostiteram,
681 1224 798 1290 stolidis
810 1223 930 1309 jadaus
944 1225 1000 1294 sua
1015 1227 1128 1297 robora
1141 1225 1242 1294 didis.
1296 1297 1300 1304 ,

388 1309 429 1386 28
448 1309 526 1378 Haec
544 1326 597 1374 me
612 1308 716 1374 cauffa
731 1323 837 1376 mouet
851 1308 948 1378 bilem
964 1307 1173 1392 compescere,
1189 1312 1313 1389 &iram

451 1391 578 1478 Lenire,
597 1391 628 1465 dr
643 1396 772 1490 populo,
789 1392 960 1474 stolidoque
983 1393 1142 1469 &mentis
1157 1416 1267 1479 egeno,

452 1477 595 1560 Parcere,
609 1476 856 1561 precipitemque
871 1475 964 1550 animi
979 1474 1098 1551 frenare
1111 1476 1262 1552 furorem.

387 1581 430 1647 29
450 1560 483 1628 Ο
502 1563 522 1626 sr
536 1561 606 1644 jam
621 1560 748 1636 tandem
764 1580 840 1647 gens
858 1559 921 1642 itta,
937 1561 997 1624 huc
1017 1561 1116 1640 usque
1128 1566 1263 1647 rebellis,

452 1645 524 1728 Jam
538 1644 640 1726 sapere
657 1643 792 1726 incipiat,
809 1646 877 1723 jam
892 1641 975 1718 reda
991 1645 1152 1726 capescere
1167 1647 1280 1722 discat!

448 1729 491 1797 Et
504 1727 575 1792 vitae
590 1727 630 1791 de
648 1727 709 1792 fine
726 1725 787 1791 suae
803 1728 864 1802 fine
879 1727 941 1804 fine
958 1732 1108 1811 revolvar,

449 1810 553 1892 Poiiet¹
567 1825 602 1876 ut
617 1811 771 1887 exsultans
788 1809 926 1889 venienti
936 1831 1098 1876 occurrere
1115 1810 1199 1880 fatui

391 1913 432 1984 30
452 1897 512 1964 His
528 1896 570 1980 ira
584 1913 637 1960 me
656 1895 758 1962 studiis
778 1894 830 1966 fibi
845 1894 1013 1959 devinciret
1027 1913 1143 1978 amore,

452 1980 550 2056 Unus
567 1992 602 2044 ut
617 1997 656 2054 ex
673 1978 737 2052 illis
754 1977 851 2056 hostes
866 1981 917 2042 vel
934 1979 1023 2052 miile
1035 1978 1165 2065 fugaret,

449 2061 562 2142 Millia
576 2062 657 2126 dena
671 2061 737 2128 duo
751 2061 888 2128 facerent
903 2059 976 2135 date
993 2079 1077 2149 terga
1091 2079 1272 2133 trementes:

448 2147 513 2216 Sed
530 2145 603 2228 quia
619 2165 683 2222 non
698 2160 838 2212 veterum
854 2145 986 2228 sequeris
1001 2148 1122 2237 vestigia
1132 2163 1270 2233 patrum,

449 2229 596 2319 Degener
610 2225 767 2302 Isaciddm
781 2227 919 2295 soboles!
941 2227 1031 2294 Deus
1046 2233 1101 2295 iile
1118 2234 1271 2319 perennis,

451 2317 513 2388 lile
529 2309 631 2400 Deus,
649 2328 771 2398 patrum
787 2313 884 2390 decus
901 2313 931 2380 a
947 2317 1044 2380 tutela
1060 2331 1197 2397 tuorum,

317 2415 319 2426 ·
450 2393 506 2468 Te
521 2395 614 2484 plecti
657 2397 843 2481 meritasque
854 2413 913 2472 tuo
928 2397 968 2470 de
983 2397 1127 2485 sauguine
1143 2417 1253 2482 poenas

452 2483 576 2568 Eapetit
646 2481 815 2566 seisamwe
832 2481 918 2550 omni
934 2496 966 2548 te
981 2502 1019 2552 er
1035 2499 1119 2566 parte
1134 2483 1262 2560 laceffit.

388 2581 427 2658 31
451 2563 541 2634 Nam
558 2533 690 2634 domini
707 2581 821 2632 uotum
834 2565 888 2649 est,
907 2569 1025 2649 populo
1038 2571 1089 2632 vel
1105 2569 1178 2634 teste
1194 2566 1333 2654 profano,

452 2651 579 2721 Robur:
600 2647 699 2716 &ille
721 2648 797 2734 deos
812 2647 868 2716 sub
885 2649 927 2733 se,
945 2649 1040 2734 longe
1052 2651 1154 2732 altior,
1173 2670 1294 2736 omnes,

448 2733 610 2889 3¹¹me
626 2733 734 2800 stolida
752 2737 877 2819 placant
892 2754 953 2799 ceu
966 2736 1097 2833 numina
1113 2735 1201 2821 curd,

395 2919 435 2992 32
456 2817 722 2988 aiiiiiiad‘nsp
718 2817 1251 2998 it¹3355130i⁰uittiu⁰itdt²‘·

321 3057 323 3064 ,
454 2987 627 3075 antemto
642 3002 683 3069 re,
703 2983 810 3058 munda
826 2983 957 3074 Qpifex!
978 2987 1068 3064 cadet
1083 2987 1138 3062 ilie
1153 3009 1185 3054 re
1222 2986 1276 3054 nte

454 3071 661 3154 Praecipitans,
681 3086 876 3149 mortemque
890 3069 968 3134 feret
982 3069 1016 3135 fu
1037 3070 1110 3136 itiva
1122 3078 1197 3137 volu
1220 3090 1282 3142 tas:

453 3151 582 3234 Nempe
599 3152 680 3216 biber
696 3151 843 3228 Sodoma
863 3153 959 3220 vitem
979 3154 987 3215 i
1024 3153 1162 3236 aurisque
1181 3160 1353 3249 Gomorra,

458 3238 576 3318 Vitem,
597 3255 671 3300 uvas
688 3253 755 3316 quae
773 3235 848 3299 felle
863 3239 962 3319 magis
979 3237 1128 3319 producet
1142 3259 1278 3315 amaras:

396 3341 436 3407 33
457 3319 547 3389 Nam
564 3317 640 3392 clim
656 3319 727 3396 vitra
744 3319 838 3467 bibitl³
850 3321 1023 3404 cupidique
1038 3324 1210 3394 recondidit
1224 3330 1308 3410 alvo,
1403 3376 1410 3407 ,

455 3403 581 3491 Aspidis
597 3405 668 3480 hinc
686 3403 769 3468 virus
786 3424 819 3470 ra
840 3402 926 3472 idum
942 3423 1110 3491 generatur,
1128 3410 1157 3472 dr
1173 3409 1230 3474 atri

455 3491 608 3577 Serpentis
622 3487 732 3568 furiale
748 3491 880 3570 malum,
898 3491 927 3563 dt
945 3511 997 3572 per
1012 3489 1128 3557 uiscera
1143 3491 1242 3576 serpit.

393 3594 434 3662 34
453 3575 527 3640 Hoc
543 3573 617 3638 mihi
635 3571 800 3649 confilium
815 3572 873 3651 est,
893 3573 1019 3652 miseros
1036 3578 1099 3639 haec
1117 3574 1180 3642 fata
1191 3577 1365 3663 manebunt,

453 3655 706 3738 Haudquaquam
726 3656 883 3742 fugienda,
903 3653 988 3741 Deo,
1008 3659 1210 3745 quicumque,
1228 3662 1347 3749 relicto,

422 3784 425 3792 ·
455 3740 600 3808 Numina
615 3760 693 3806 vana
708 3741 831 3819 colunt,
850 3740 944 3804 animi
961 3759 1139 3816 commenta
1153 3745 1285 3830 profani.

396 3845 435 3916 35
453 3829 492 3894 in
508 3825 612 3895 dextra
628 3821 762 3888 vindicta
779 3839 850 3886 mea
865 3823 923 3889 eii:
943 3841 995 3896 me
1011 3825 1145 3911 vindice,
1166 3830 1256 3911 siquis

396 3919 403 3930 ‘
454 3909 656 3992 Sculptilibus
672 3905 748 3971 dans
767 3918 836 3971 tura
850 3905 914 3970 deis
931 3911 1057 3975 tollatur
1074 3911 1105 3976 in
1122 3917 1233 4000 altum,

451 3991 535 4076 Mox
554 3991 639 4090 lapsu
655 3990 794 4084 gravio?e
810 3988 882 4076 mii,
901 3993 1056 4086 mortique
1073 3996 1192 4077 dicatus

1283 4077 1367 4160 Mat

1456 2138 1464 2507 i
