3117 4842
389 395 467 512 408
649 379 1148 501 neerasrasa'rs

454 536 608 604 Attamen
624 535 686 602 boc
705 533 860 629 ”lumbi
876 535 947 616 plus
961 532 1106 618 sapientia
1120 545 1208 614 parte¹
1258 609 1262 620 ,
1307 592 1316 608 ,

227 689 230 696 ,
354 623 357 628 “
451 619 622 702 vendicat,
644 617 800 684 intentum
821 633 980 700 nequeunt
995 632 1130 683 avertere
1144 615 1309 706 tristentv

451 703 590 785 Divitiae,
610 703 753 782 duraque
768 701 902 786 manaim
915 699 1213 787 depelleremortis:

452 787 501 856 Ar
517 791 569 854 libi
584 787 701 861 devotis
717 783 863 864 sapientia
881 806 966 868 vera,
981 785 1138 868 timorque

454 859 607 938 Numinis
624 869 745 950 etherii,
764 866 894 936 felicem
909 870 943 936 in
957 867 1177 935 secularium

453 955 628 1038 Perpetuatq
642 951 814 1035 mortisque
828 954 921 1040 graui·
929 953 969 1017 de
984 957 1055 1039 lege
1069 949 1249 1033 triumphat.

393 1061 410 1112 a
416 1063 435 1128 3
455 1039 566 1108 inclita
580 1035 664 1103 fasta
675 1035 750 1118 Dei,
770 1053 848 1103 nuru
863 1038 916 1120 qui
930 1052 1079 1120 temperat
1094 1037 1214 1118 orbern,
1295 1111 1298 1117 ¹

396 1159 400 1166 ·
457 1124 558 1189 Cerne
570 1122 672 1187 oculis
683 1143 699 1201 3·
716 1122 844 1206 ecquis,⁸
855 1119 1091 1204 curvumquod
1107 1117 1240 1186 reddidit
1259 1115 1326 1203 ille,-

453 1205 616 1290 Corriget?
635 1205 720 1272 illius
738 1223 813 1270 nam
829 1207 947 1291 legibus
965 1206 1073 1272 omnia
1086 1207 1214 1287 parent:

451 1275 537 1376 Ergo
556 1289 641 1356 illius
658 1309 738 1372 opus
754 1289 972 1371 reprehendere
992 1293 1076 1355 velie
1094 1303 1217 1370 cavero,

451 1373 721 1524 ssuandoquidem
736 1371 790 1436 tibi
806 1375 850 1438 nil
867 1375 979 1456 poteris
996 1371 1135 1457 prodesse
1152 1366 1324 1452 querendo,⁴

491 1478 527 1522 ec
546 1459 620 1522 fletu
633 1473 687 1522 aut
703 1457 840 1522 lacrimis
856 1459 995 1526 diuinam
1010 1471 1127 1522 vertere
1147 1469 1300 1520 mentem:

392 1557 433 1626 14
453 1542 485 1610 Si
503 1555 555 1608 tua
570 1539 725 1623 procerius
741 1541 850 1605 habeat
860 1540 986 1608 fortuna
999 1539 1164 1621 secundos,

450 1625 557 1698 Latus
576 1628 606 1691 dr
622 1625 778 1690 exsuitans
792 1626 1088 1706 praesentibusutere
1103 1625 1207 1702 rebus,

452 1713 533 1794 Quae
549 1709 602 1774 tibi
618 1708 789 1790 suppeditat
804 1710 880 1775 coeli
897 1709 1108 1796 induigemia3
1127 1701 1271 1776 sederim

450 1793 511 1859 Per
526 1810 611 1857 mare
628 1793 819 1875 nimbosum,
833 1793 1022 1860 turbantibus
1045 1807 1169 1873 aequora
1188 1787 1303 1870 ventisr

361 1933 364 1938 .
450 1875 592 1943 Carbasa·
602 1875 743 1940 terrificis
758 1876 894 1948 tualsunt
905 1878 1017 1963 agitata
1033 1875 1192 1960 procellis,
1268 1902 1274 1910 ¹

451 1961 584 2027 Attento
598 1961 749 2043 perpende
764 1959 882 2044 animo,
899 1981 967 2043 qun
981 1959 1083 2026 cauffa
1099 1973 1254 2024 tumentes

452 2044 591 2112 Excierit
612 2043 735 2128 dusius,
752 2060 944 2126 pontumque
959 2043 1123 2110 armaverit
1138 2042 1180 2108 irl
1195 2063 1205 2109 ε

453 2128 510 2196 An
525 2129 626 2194 scelus
645 2130 779 2196 admissis
798 2130 925 2210 aliquod
947 2129 1089 2210 spatietur
1105 2124 1241 2204 habenis,

453 2213 493 2280 In
509 2229 539 2278 te
555 2232 648 2299 regna
661 2228 777 2296 tenens,
799 2231 839 2275 an
855 2230 944 2276 amor
959 2210 1093 2277 furiosus
1110 2207 1257 2292 habendi,-

452 2297 508 2364 An
523 2300 606 2374 rana,
619 2297 757 2381 ambiti0,
774 2311 827 2360 aut
844 2297 943 2362 carnis
958 2295 1105 2365 scelerata
1122 2292 1239 2362 libidot

451 2381 528 2449 Hoc
545 2381 618 2466 vigil
637 2381 766 2463 inquire,
782 2381 812 2444 se
830 2380 996 2460 querendo
1011 2379 1118 2464 detege
1135 2377 1270 2458 crimen·
1298 2440 1302 2446 ,

451 2463 684 2543 Detenumque
699 2463 794 2526 fatere
807 2460 896 2545 Deos
907 2462 1060 2544 fassusque
1075 2462 1232 2544 relinque:

452 2546 528 2614 Nec
545 2545 649 2610 minuis
669 2548 791 2610 intentis
807 2549 910 2611 oculis
925 2545 1141 2628 circumspice,
1160 2560 1264 2629 tutum

453 2631 527 2716 Qui
543 2630 660 2696 ratione
677 2649 770 2714 queas
788 2631 916 2712 reperire
931 2649 969 2692 ac
992 2646 1114 2715 tangere
1129 2644 1253 2712 porrum

455 2715 638 2782 Commoda
654 2716 685 2780 in
702 2713 852 2798 ambiguis
869 2714 923 2778 tibi
940 2734 1014 2780 outa
1031 2714 1095 2778 hae
1112 2729 1240 2795 utraque
1255 2707 1359 2783 rebus&

382 2803 387 2818 ²
454 2801 530 2866 Hoc
550 2818 675 2882 quoque
691 2799 873 2880 perpensum
882 2798 1020 2868 memori
1036 2813 1071 2862 tu
1091 2813 1194 2862 mente
1210 2811 1323 2875 teneto,

453 2883 580 2960 Sortem
601 2898 762 2962 utramque
779 2881 869 2946 Deus
887 2883 973 2946 vario
992 2881 1167 2949 discrimine
1181 2879 1303 2945 mistam

451 2963 635 3049 Temperat,
652 2983 685 3030 ut
699 2980 853 3046 nequeant
869 2965 993 3032 mortali
1008 2966 1126 3036 senrine
1143 2967 1219 3030 creti
1290 3014 1294 3020 .

452 3047 608 3114 Eventura
624 3051 675 3114 fibi
693 3051 785 3127 certis
803 3052 990 3131 praenoscere
1012 3051 1033 3114 n
1053 3051 1112 3114 nis.

394 3155 409 3202 r
414 3151 434 3216 5
453 3129 657 3213 omniaque
674 3135 819 3198 eveniunt
834 3134 934 3199 nitido
954 3133 1010 3197 sub
1030 3069 1096 3198 bre
1112 3132 1231 3214 notavi,-

454 3215 563 3285 Invida
579 3217 640 3282 vira
656 3216 731 3279 licet
747 3217 849 3296 spatiis
865 3233 917 3282 me
931 3216 1090 3284 incluserit
1105 3216 1199 3282 ardis
1209 3237 1222 3282 :·

380 3373 382 3380 ,
446 3299 505 3370 «Est
522 3300 575 3382 qui
590 3299 736 3384 justitiam
759 3300 905 3384 sequitur,
924 3316 1123 3382 mentemque
1139 3296 1333 3380 manumque¹

382 3381 388 3398 ⁸
450 3381 599 3452 Criminis
615 3384 788 3448 immunem
803 3384 1004 3465 retinetrsed
1021 3386 1115 3453 caesus
1135 3384 1246 3465 iniquae

448 3467 590 3536 Vidima
606 3467 737 3536 fortunae
754 3469 862 3544 cadit:=
873 3470 916 3534 est
933 3469 986 3552 qui
1001 3469 1145 3556 sanguine
1160 3467 1301 3532 dextram

451 3551 630 3637 Polluit-dt
646 3554 932 3630 vitiisrtotusscatet
947 3550 1204 3634 undiquesecus,
1265 3617 1271 3624 ,

450 3634 492 3702 Et
508 3652 613 3702 tamen
628 3639 683 3702 ille
699 3639 789 3704 trahit
809 3637 1008 3724 longaraad
1024 3637 1089 3719 sera
1103 3634 1234 3702 tenena

453 3717 616 3803 Tern'pora
630 3722 794 3805 sepositam
805 3725 916 3804 procul
939 3720 1026 3785 omni
1043 3719 1060 3783 d
1077 3722 1197 3786 turbine
1212 3719 1320 3795 vitam.

385 3807 430 3881 ,16
449 3803 534 3891 Ergo
550 3805 604 3871 tibi
620 3827 698 3889 puro
714 3823 791 3882 curn
805 3804 961 3890 religionis
976 3821 1083 3869 amore

450 3888 579 3955 Callida
595 3887 704 3974 janda
719 3903 804 3974 regat
817 3888 915 3952 vitam
928 3887 1100 3971 prudentia,
1116 3890 1190 3954 nelo

331 4015 334 4024 ·
374 4007 384 4022 ·
446 3972 497 4051 Sit
510 3978 631 4044 cautela
646 3989 766 4058 comes,
785 3971 905 4056 serpens
920 3986 952 4040 te
968 3970 1105 4041 admixta
1120 3969 1292 4120 columb}
1328 3984 1361 4135 't

578 4065 585 4080 ·
675 4089 676 4096 κ
1072 4059 1078 4071 ’
1139 4066 1145 4072 ’
1270 4051 1346 4124 'erre

1464 582 1466 661 l
