3117 4842
480 431 522 524 a
548 443 648 524 ne.
698 441 791 524 vtr.
847 411 853 417 ’
1074 473 1163 552 409¹¹
1209 448 1214 459 “

232 569 344 650 Servat
360 577 398 644 ab
410 577 591 665 innumeriq
608 577 692 646 salvi
709 580 833 664 pictate,
851 581 991 664 periclis}

232 660 326 729 Nam
342 661 421 748 saepe
440 663 503 748 ipsa
520 659 608 730 suam
623 667 756 748 probitas
773 670 934 750 temeraria
949 667 1047 732 vitam

233 747 368 833 Abjicit,
384 753 601 831 acceleratque
614 753 666 814 libi
688 747 773 814 mali
789 750 918 833 provida
933 755 1092 823 mortem&

229 826 320 916 Nec,
334 831 415 900 falsa
432 831 541 898 illusus
554 832 673 918 pietatis
688 833 834 920 imagine,
843 833 923 898 vires

227 911 364 982 Delirue
384 935 561 1001 corpoream
578 917 712 982 animive
734 917 867 1002 infringe
882 919 1035 1006 vigorem,

227 996 306 1064 Nec
323 1001 423 1066 nimio
438 999 579 1067 sermone
599 1001 723 1066 sacrum
738 1018 773 1068 tu
788 1018 905 1066 numen
920 1002 1036 1072 adora:

100 1133 105 1148 ,
228 1081 347 1153 Cordis
358 1085 442 1150 enim
459 1103 588 1152 cernens
605 1087 772 1169 penetralia
783 1083 900 1152 Redor
911 1083 1057 1176 Olympi,

228 1163 313 1236 Non
328 1188 420 1252 prece
434 1169 701 1254 prolixlcapitur,
720 1169 773 1236 sed
790 1169 914 1252 pedore
930 1191 1020 1256 puro,

231 1250 275 1317 Et
288 1254 418 1339 gemitu,
435 1254 614 1319 &lacrimis
628 1254 764 1320 contrito
780 1255 876 1320 corde
893 1252 1034 1336 profusis.
1142 1274 1147 1283 ·

166 1367 212 1440 ¹7
233 1332 291 1402 Ne
306 1353 410 1404 amen
426 1337 565 1421 impietas
582 1339 659 1403 laris
728 1338 821 1404 ssetur
834 1338 972 1423 habenis,

232 1407 326 1486 Dum
344 1422 434 1487 trahis
451 1422 483 1486 in
500 1424 589 1505 pejus
611 1423 663 1514 sen
679 1445 699 1487 u
714 1441 788 1487 mea
800 1425 893 1488 verba
908 1423 1035 1506 finisst0,
1142 1508 1146 1513 .

232 1502 267 1570 O
279 1507 375 1572 homo
386 1507 490 1573 stulte!
503 1526 596 1587 cave;
608 1508 718 1590 pariter
728 1521 939 1591 mentemque,
944 1523 1149 1600 manumque,

230 1588 381 1656 Sardibus
398 1590 416 1656 a
430 1592 584 1656 scelerum
598 1609 734 1657 vacuam
748 1591 868 1658 serrare
881 1606 1060 1672 momento3
1093 1666 1096 1669 ,

233 1669 291 1738 Ne
307 1675 564 1764 mereareoculis
581 1676 647 1740 fieri
661 1675 838 1760 spectacula
854 1674 976 1742 cundiis
1019 1687 1023 1695 ’
1200 1678 1203 1684 ’

232 1751 359 1843 Tristia,
374 1758 529 1824 carnificis
545 1759 652 1826 dextri
673 1763 757 1824 trabe
774 1779 872 1826 nexus
887 1763 927 1825 ab
943 1763 1023 1827 alta:
1142 1774 1144 1779 '

232 1835 328 1907 Neve
342 1843 453 1910 ardore
464 1847 556 1929 gulae,
576 1844 721 1926 rapidove
737 1844 890 1926 cupidinis
905 1843 988 1926 asilu,¹
1047 1841 1147 1921 (tam)

233 1925 438 2010 Quamquam
455 1927 536 1990 haud
548 1927 666 2010 sponte,
681 1927 735 1992 tibi
751 1945 894 2008 properes
909 1929 1091 2008 abrumpere
1100 1926 1148 1989 vi·

233 2009 303 2076 Aut
319 2013 413 2080 etiam
428 2011 583 2075 scelerum
596 2009 685 2072 furiis
701 2010 830 2094 agitatus
845 2009 975 2092 acerbis,

233 2090 415 2168 Occultum
436 2091 591 2173 quatiente
608 2092 715 2157 aalma
730 2105 846 2156 tortore
863 2094 884 2157 a
923 2093 1035 2179 ellum,

235 2175 354 2258 Sponte
369 2174 422 2240 tui
440 2175 565 2258 proptio
579 2174 679 2240 fodias
697 2175 750 2247 tibi
767 2173 893 2258 pectora
922 2197 1001 2244 etro.

167 2255 215 2326 18
238 2259 333 2324 Utile
351 2259 515 2324 consilium
531 2258 585 2324 tibi
601 2278 697 2342 nunc,
714 2260 791 2324 milti
807 2260 912 2345 crede,
926 2261 1087 2328 ministro!

236 2343 323 2410 Hinc
340 2361 379 2408 ne
395 2359 497 2409 averte
513 2343 656 2429 gradum,
676 2345 813 2410 monitus
831 2363 889 2409 nec
905 2345 1001 2428 rejice
1016 2344 1148 2430 nostros,

236 2429 319 2494 Inter
335 2442 501 2512 utrumque
519 2444 600 2513 tene,
615 2427 720 2494 medio
735 2427 898 2493 tutiffimus
915 2428 990 2497 ibis:

234 2509 327 2577 Nam
343 2511 457 2578 sincera
473 2507 536 2578 Dei
552 2513 731 2596 reverentia
751 2513 841 2577 firma
858 2513 964 2578 salutis

212 2649 216 2659 .
233 2595 395 2680 Anchota,
414 2597 445 2662 br
466 2597 607 2662 humana
622 2595 708 2662 ilatio
722 2596 867 2662 tutiffima
880 2599 961 2681 vita,

234 2681 313 2747 Hac
330 2680 441 2748 docet:
462 2683 521 2746 hoc
541 2682 641 2746 fixum
663 2680 796 2747 statuunt
811 2681 844 2746 in
864 2683 985 2747 tramite
999 2679 1147 2768 presi-'urm

236 2764 302 2849 Qui
318 2763 400 2830 casti:
416 2765 466 2848 pia
475 2763 562 2829 sacta
578 2767 699 2848 colunt,
723 2781 825 2830 errore
846 2765 966 2830 relidio.¹

173 2849 215 2926 19
235 2847 311 2914 Plus
327 2847 445 2914 hoinini
461 2845 556 2933 longe
570 2847 715 2931 sapientia
731 2849 850 2912 roboris
866 2849 964 2934 addit,

234 2930 472 3014 Confirnratque
488 2935 629 2998 animum
645 2930 765 3018 suadis
783 2933 814 2996 in
836 2933 926 3000 rebus
943 2932 1079 3019 agendiq

234 3013 404 3084 Denorum
420 3017 515 3099 quim
537 3017 626 3081 turba
647 3013 750 3081 virilm
763 3013 954 3101 fulgentibus
969 3017 1076 3102 amis,

235 3101 345 3166 Ardua
360 3102 496 3185 turrigeri
513 3115 614 3166 tutans
634 3099 753 3186 fastigia
769 3100 872 3171 muti:

234 3185 313 3252 Hac
328 3183 405 3250 facit
415 3202 449 3250 ut
459 3205 528 3250 raro
546 3185 675 3250 titubent
691 3184 815 3274 vestigia
829 3184 927 3268 lapsu,
953 3241 957 3248 .

234 3269 314 3336 Hac
331 3267 407 3332 facit
424 3283 458 3333 ut
474 3271 579 3334 labens
596 3268 770 3350 iterumque
786 3269 962 3350 iterumque
977 3269 1121 3354 resurgat.
1149 3319 1166 3333 ,

172 3371 214 3418 20
234 3351 324 3418 Nam
339 3352 439 3435 lapsus
454 3353 550 3416 vitare
568 3353 684 3434 nequit,
703 3373 762 3418 nec
781 3354 920 3417 criminis
935 3372 1042 3434 expers

236 3433 339 3502 Ullus
356 3439 388 3503 in
404 3439 478 3500 orbe
494 3435 583 3500 suam
598 3437 676 3518 potis
689 3437 734 3501 'est
752 3436 912 3500 traducere
928 3437 1027 3500 vitam
1041 3457 1050 3503 s

234 3520 298 3670 gd
313 3520 482 3588 minimtitn
496 3534 628 3603 peccant
643 3519 754 3602 quibas
770 3519 813 3584 est
828 3518 972 3601 sapientia
988 3521 1103 3608 custos,

274 3603 455 3686 iredirixque
470 3620 601 3687 operum
617 3603 886 3684 conservatrixque
900 3603 1049 3673 suorum:

235 3691 301 3756 llla
312 3687 473 3756 salutiferae
488 3688 638 3754 monstrat
653 3688 840 3772 compendia
852 3688 931 3752 vita.

171 3793 210 3845 21
234 3770 290 3838 Ne
307 3773 399 3840 nimis
415 3787 543 3840 attentas
560 3771 601 3838 da
615 3772 716 3838 verbis
732 3771 878 3838 omnibus
894 3792 995 3857 aures,

234 3857 346 3928 sicubi·
360 3857 429 3938 quis
440 3857 540 3944 tacitis
556 3857 695 3936 loquitur
710 3855 827 3928 secreta
849 3855 987 3942 susurris,

234 3939 291 4008 Ne
305 3941 388 4008 forti
413 3941 474 4026 ipse
489 3948 580 4006 tuum
595 3937 752 4006 satnulum
766 3941 821 4006 tibi
843 3940 909 4005 dira
924 3949 1103 4022 pteaantcm

232 4023 427 4120 Deprendaq
446 4023 617 4174 rabidoqtig
629 4025 775 4174 fflmum
789 4024 905 4110 rapiare
924 4023 1083 4173 funereas
1134 4100 1145 4122 ,

1086 4121 1149 4192 cpe
