3117 4842
374 448 450 529 492
632 408 803 493 Artem
843 403 1165 518 portemur

376 552 622 659 Quadrupedem
638 555 740 643 primo
758 552 980 641 constdngem,
996 554 1125 622 vincula
1142 566 1278 629 centum

421 646 533 731 injice,
552 644 665 729 captivi
682 640 785 723 qualia
801 640 882 703 ferre
898 638 1010 703 solent.

378 728 553 805 Infecinus
570 730 629 793 ruit
644 744 736 791 omne
747 723 847 806 furor,
861 724 915 788 'nifi
941 722 1095 806 compede
1111 720 1244 805 frenes3

420 811 503 880 Non
519 817 582 895 le0‚
602 830 665 876 nou
675 810 758 896 tigris
780 812 851 891 plus
866 804 994 871 feritatis
1012 810 1114 889 habet.

380 898 454 987 lpse
471 896 576 969 fureur
594 909 701 959 notum
712 892 867 974 discerpit
876 890 1012 955 Penthea
1029 906 1153 969 marer3

421 982 474 1049 Te
488 981 578 1065 patris
593 977 726 1059 obtrivit,
745 995 837 1059 parve
852 976 1002 1041 Learche!
1025 973 1124 1039 furor.
1145 982 1148 988 ’

381 1060 424 1135 Se
448 1080 573 1149 quoque
591 1060 758 1125 Leucothoe
775 1073 943 1136 cumrato
956 1057 1097 1143 perdidit,
1115 1053 1203 1139 Ajaae

425 1150 490 1235 Ipse
505 1148 562 1211 suo
578 1146 707 1209 demens
724 1143 870 1229 sanguine
892 1143 982 1207 tinxit
999 1144 1142 1205 humum.

380 1228 456 1303 Nec
473 1230 587 1295 vinclis
603 1226 733 1313 preffiffe
749 1226 844 1293 sutis:
866 1241 961 1291 nocet
975 1224 1087 1290 halitus
1105 1221 1182 1308 oris,

424 1312 571 1381 Deterius
589 1315 715 1377 nulium
731 1312 816 1375 virus
837 1307 977 1375 Echidna
999 1309 1114 1377 vomit.

381 1396 474 1468 Abde
490 1408 668 1463 catenatum
683 1395 794 1460 semoti
812 1394 1063 1476 carenitanum,

423 1481 497 1548 Lux
514 1482 566 1546 ubi
583 1484 672 1546 nulla
690 1478 798 1560 micat,
816 1494 878 1541 vox
896 1477 949 1545 ubi
969 1478 1058 1541 nulla
1072 1473 1170 1542 sonat.

383 1562 451 1652 lpse
469 1564 558 1631 Deus
574 1563 689 1647 superis
705 1562 814 1627 Furias
829 1560 959 1625 secrevit
973 1564 1012 1625 ab
1029 1558 1105 1639 oris,

427 1648 596 1729 Mersaque
612 1646 667 1710 sub
683 1660 777 1709 terrae
794 1641 886 1726 reeta,
904 1648 1065 1726 laremque
1084 1640 1182 1710 dedit.

384 1726 433 1801 Ex
454 1732 516 1797 edit
532 1732 563 1797 dr
578 1727 664 1795 tortis
680 1731 825 1793 humeros
844 1729 875 1792 dr
889 1742 975 1813 terga
996 1726 1139 1811 flagellis,

429 1753 470 1883 dt
486 1819 582 1881 latera
598 1814 628 1879 dr
645 1812 782 1910 geminas
799 1809 877 1895 sepe
893 1812 994 1875 secare
1010 1826 1107 1875 uates.

281 1980 286 1985 ι
389 1897 490 1987 Quod
507 1910 600 1983 caput
615 1896 734 1963 imeiitt
749 1895 833 1960 virus
851 1896 944 1961 dolor
960 1911 1054 1961 omne
1070 1890 1206 1977 revellit,

453 1982 589 2071 Cot-tigit
605 1982 635 2046 dr
652 1994 767 2059 mores,
781 1980 813 2045 dr
828 1976 896 2044 fere
910 1978 1142 2043 eordadomat:
1200 1985 1204 1993 '

388 2064 454 2137 Hic
472 2066 549 2132 facit
566 2080 599 2130 ur
613 2064 698 2129 serve
714 2062 876 2127 mitescunt
891 2061 1008 2147 tigridis
1025 2063 1087 2144 ire,
1204 2073 1213 2093 ’

432 2149 473 2219 Et
489 2150 543 2213 sua
559 2147 694 2213 crudelis
714 2146 846 2211 fulmina
863 2162 958 2229 ponat
972 2164 1054 2228 aper.
1268 2184 1274 2191 ,

390 2231 588 2303 Protradium
610 2228 774 2297 etenebris
791 2230 947 2295 interdum
968 2248 1072 2317 merge
1088 2225 1260 2316 profundo,

436 2317 488 2384 Ut
504 2318 587 2381 la'vet
601 2315 743 2381 insanum
756 2312 865 2398 sepius
884 2313 967 2381 undu
982 2326 1085 2396 caput.
1255 2327 1258 2333 ·

392 2396 605 2485 conspectum
620 2414 798 2478 nomenque
815 2400 914 2464 horret
930 2396 1135 2483 lymphaticus
1156 2395 1260 2480 unde,

436 2486 499 2552 Hic
513 2500 619 2549 tamen
633 2482 716 2545 illius
727 2479 807 2563 sepe
823 2485 942 2547 levatur
959 2502 1035 2565 ope:

393 2564 493 2641 Ferro
508 2568 603 2632 etiam
613 2565 786 2630 cohibenda
801 2570 889 2631 iuer:
911 2566 1047 2631 incidere
1060 2584 1154 2643 uenas

436 2650 491 2719 Ne
506 2652 621 2747 dubito²
640 2668 697 2714 nec
714 2660 745 2713 te
760 2650 845 2735 pigre
861 2664 999 2714 moretur
1016 2649 1123 2717 hiems.

394 2736 468 2809 Hic
486 2756 555 2821 opep
575 2753 640 2817 quo
654 2747 788 2818 turgent,
802 2734 948 2797 membris
964 2737 1116 2815 erpellere
1130 2732 1226 2816 virus,

235 2808 241 2820 ¹
350 2868 354 2885 .
438 2822 506 2887 Aut
522 2821 623 2885 oneris
641 2816 748 2882 saltem
765 2832 849 2901 parte
865 2822 968 2881 levare
989 2832 1088 2900 potes.

397 2901 538 2973 Vulnere
552 2901 721 2989 tergemino
738 2902 860 2965 cubitus
876 2894 1021 2967 tundatur
1040 2915 1182 2982 uterque,

442 2986 495 3054 Ut
512 2991 586 3051 fluat
601 3005 638 3050 ex
655 2985 741 3071 omni
762 2984 879 3049 viscere
893 3000 970 3050 tetra
985 2988 1062 3049 lucr.

396 3066 459 3137 Sed
476 3069 549 3149 quia
565 3070 687 3138 summa
699 3084 804 3149 petens
820 3071 931 3136 meotis
953 3066 1040 3135 furor
1055 3077 1192 3149 occupat
1207 3083 1331 3158 arcem,

438 3150 504 3217 Prte
520 3152 645 3230 reliquis
661 3150 777 3214 ferrum
794 3150 926 3232 postulet
941 3152 993 3218 iste
1011 3156 1115 3222 locus.
1167 3147 1170 3153 ’

396 3234 476 3324 Que
491 3234 626 3299 frontem
643 3233 758 3299 dirimit
772 3234 910 3299 mediam
926 3234 979 3298 tibi
995 3255 1083 3303 veno
1090 3232 1222 3304 secanda
1232 3234 1287 3325 est,

436 3318 478 3389 Et
494 3340 561 3403 que
577 3308 658 3401 poni:
675 3318 771 3381 latens
791 3318 916 3381 nomine
937 3320 1043 3402 puppis
1061 3322 1160 3384 habet.

396 3406 539 3490 Quaeque
556 3402 658 3467 oculis
677 3401 765 3465 fimul
782 3401 931 3484 exspirant
948 3403 978 3469 dr
995 3404 1117 3476 nuribus
1135 3404 1234 3487 ignes,

438 3484 479 3553 Et
495 3507 571 3551 cava
589 3506 657 3568 que
673 3486 794 3551 circum
809 3502 948 3568 tempore
964 3490 1119 3569 utrimque
1137 3487 1255 3554 micant
1273 3501 1282 3563 t

397 3562 476 3659 Haec
494 3586 706 3651 quoque-que
723 3571 860 3661 lipguam
882 3571 980 3640 succo
1000 3570 1136 3657 loliginis
1153 3584 1224 3636 atre
1276 3565 1281 3575 ¹

439 3653 563 3735 imbuit,
579 3654 729 3719 auxilium
746 3672 810 3717 non
826 3656 895 3718 leve
910 3652 992 3724 sedda
1007 3655 1100 3719 dabit.

322 3796 334 3817 ,
396 3730 431 3813 δί
449 3734 523 3819 quid
538 3736 638 3799 adhuc
656 3734 789 3803 mixtum
805 3735 921 3804 terreni
937 3738 1014 3807 faece
1030 3737 1165 3821 superfit,

437 3821 510 3890 Hoc
528 3820 636 3903 procui
656 3812 673 3881 ὲ
690 3822 818 3883 cerebro
832 3821 915 3891 virus
931 3821 970 3882 ad
988 3819 1051 3885 ima
1071 3823 1165 3885 trahe.

396 3900 477 3995 Quo
494 3908 567 3969 latet
584 3900 755 3985 ingemino
773 3902 919 3965 tundatur
936 3904 1051 3984 poplit‘e
1068 3922 1157 3989 veut,
1210 3972 1215 3981 ,

412 3996 422 4015 “’
438 3992 578 4107 {2²¹²in
593 3986 685 4073 pedet
701 3982 781 4077 ipius
801 3984 1030 4085 mudieoloique
1052 3984 1157 4085 rigat(
1310 4068 1337 4147 P

386 4104 401 4125 ν
462 4096 471 4111 -·
597 4094 600 4099 ·
1338 4093 1381 4163 tp
1476 4137 1477 4140 ,
