3117 4842
384 467 460 524 sse
767 401 1031 540 ῗΟΒῙἸ

395 601 441 670 At
459 615 542 686 pater
562 613 598 666 ut
613 596 750 685 primum
765 598 912 667 convivia
924 615 1034 669 mutua
1049 603 1128 672 vidit

396 683 570 770 Impleviffe
584 684 671 750 vices
700 675 782 748 mifit
797 683 852 766 qui
866 686 1005 767 protinus
1026 706 1141 755 ottunes¹

398 769 446 840 Ex
468 771 520 851 ree
539 733 983 836 &numerumnunerum
1000 773 1144 856 lyrapnae„

401 791 467 938 lplie>
483 868 589 920 autem
624 850 706 948 titud
726 848 853 936 supplex
868 851 900 916 se
915 852 1009 920 mani:
1025 854 1144 922 ferebat

400 941 485 1006 Ante
501 941 579 1020 aras,
649 955 689 1000 rrs
704 935 834 1004 adolens
845 938 1064 1004 holocaumata
1081 942 1229 1026 flammis,

399 1021 463 1090 Pm
473 1039 605 1088 numero
620 1018 756 1090 sobolis:
776 1017 911 1106 Nannsr
926 1039 998 1086 mea
1013 1020 1149 1110 forfitan,
1161 1025 1283 1114 inquit,

400 1105 578 1193 Progenies,
597 1103 735 1186 interque
751 1107 874 1189 epulas,
890 1105 1029 1188 interque
1053 1110 1179 1193 lyaeum,

402 1189 490 1274 Quid
504 1186 621 1256 temere
636 1187 757 1272 effudit,
772 1187 907 1273 factove,
925 1206 979 1254 aut
994 1209 1074 1256 voce
1088 1189 1280 1260 Tonantem

403 1269 657 1354 Leserinoffensr
674 1274 807 1356 placabo
822 1273 959 1340 num-inis
975 1273 1045 1340 iras.

403 1357 502 1439 Inque
518 1355 583 1424 dies
599 1360 698 1423 talem
715 1355 746 1422 se
764 1355 943 1422 matutinus·
949 1360 1076 1444 agebat:

404 1439 538 1522 Jamque
551 1439 656 1505 aderat
672 1456 807 1525 tempus,
825 1459 889 1522 quo
907 1439 992 1520 Jove
1009 1442 1093 1506 celsa
1106 1439 1296 1524 frequentes

405 1524 497 1590 Atria
513 1525 670 1590 coelicolae
693 1526 850 1590 celebrant
867 1541 938 1588 ante
953 1545 1008 1588 ora
1028 1527 1171 1608 parentis.

406 1607 494 1674 Ecce
509 1622 615 1672 autem
631 1607 771 1674 lamnas:
792 1609 843 1672 cui
862 1608 902 1672 fic
920 1608 1097 1674 moderator
1115 1609 1249 1694 olympi,

406 1693 499 1775 Fare,
513 1711 578 1776 age,
598 1705 741 1774 tentator,
761 1692 872 1772 quibus
890 1691 951 1754 huc
974 1692 1132 1758 adveneris
1150 1693 1238 1758 oris?

408 1777 468 1842 Ille
482 1790 598 1856 autem,
613 1773 718 1858 magni
735 1775 859 1838 circum
880 1777 1033 1856 pomoeria
1051 1777 1160 1842 mundi

406 1858 488 1928 Erro
502 1857 561 1942 fui,
583 1860 613 1924 δι
630 1867 717 1922 vallae
729 1858 884 1942 peragravi
896 1860 1006 1943 jugera
1029 1873 1136 1939 terrae;

407 1941 483 2008 Pars
500 1943 583 2008 orbis
599 1943 687 2007 nulla
703 1943 757 2025 eli,
781 1939 873 2006 noiiri
891 1961 955 2005 non
971 1945 1063 2025 plena
1079 1942 1205 2010 laboris.

407 2024 472 2090 Cui
490 2023 578 2090 Pater
591 2025 798 2108 omnipotens.
838 2022 1047 2107 Nusquamne
1066 2025 1219 2110 inspectus
1243 2026 1351 2094 lobna

408 2107 462 2174 Est
473 2109 538 2192 tibi,
557 2108 603 2172 vir
614 2109 704 2172 noliri
721 2126 877 2192 metuens,
896 2129 961 2190 quo
975 2109 1084 2194 justior
1095 2114 1177 2176 alter

311 2257 313 2262 ,
411 2189 492 2258 Non
509 2207 613 2256 uranet
628 2193 660 2258 in
676 2191 773 2276 terris,
785 2207 838 2258 aut
848 2191 1056 2260 observantior
1070 2196 1176 2276 acqui?

412 2277 554 2361 Scilicet,
573 2275 627 2340 illc
642 2275 723 2361 pius,
740 2276 828 2343 nulli
845 2277 990 2342 mercede
1004 2273 1186 2344 Tonantem

411 2359 556 2446 Suspicit,
575 2359 690 2426 invidio
706 2361 829 2426 circum
846 2363 1018 2427 munimine
1032 2363 1132 2445 septus

414 2446 580 2526 Undique,
599 2445 650 2506 cui
663 2447 756 2524 pleno
773 2445 919 2506 demanat
934 2446 1025 2524 copia
1040 2465 1139 2507 comu

363 2530 367 2538 '
412 2527 556 2604 Colitis,
573 2525 702 2587 adverfis
721 2541 882 2603 nunquam
898 2538 1011 2587 tentata
1027 2524 1174 2605 procellis
1192 2544 1201 2588 ε

413 2611 510 2676 Verte
525 2607 609 2672 vices
624 2624 740 2691 rerum,
757 2603 888 2670 fortuna
909 2605 981 2670 nixa
995 2607 1089 2671 beata

413 2689 522 2776 Terga
535 2689 619 2755 dabit
628 2690 734 2772 pietas,
752 2689 846 2772 inque
863 2709 900 2754 os
920 2689 1064 2757 convicia
1077 2689 1189 2756 fundet

413 2775 541 2857 Libera,
559 2773 802 2856 blasphemisque
819 2772 944 2840 laceffet
960 2788 991 2840 te
1006 2774 1195 2844 maledidisa

414 2856 511 2925 Talia
527 2874 658 2926 tentator
671 2878 682 2923 εΙ
700 2857 752 2922 cui
768 2874 844 2938 mon
861 2857 997 2923 immittit
1013 2859 1144 2926 habenas

412 2942 634 3026 Omnipotens,
654 2940 865 3022 quidquidque
880 2943 980 3010 bonus
995 2943 1123 3025 poffedit
1138 2943 1249 3026 Iobus,

415 3030 454 3097 In
470 3027 579 3092 satalia
594 3024 678 3090 dedit
694 3023 753 3090 effe
769 3041 885 3104 manu;
904 3026 1028 3092 tantum
1044 3027 1186 3111 irnperat,
1198 3028 1270 3112 ipis

415 3111 594 3177 Abstineat:
621 3129 686 3174 non
705 3108 769 3172 haec
788 3109 863 3172 hosti
886 3107 1031 3176 concclia
1049 3111 1190 3194 potestas.

416 3195 477 3264 His
492 3194 618 3260 monitis
636 3191 698 3257 sese
715 3191 887 3258 subducens
902 3190 982 3276 julia
993 3191 1146 3276 capena?
1213 3270 1216 3273 ,

460 3278 502 3345 Et
516 3278 584 3361 jam
597 3273 719 3357 temp‘us
734 3291 813 3359 erat,
828 3295 905 3358 quo,
921 3275 995 3343 natil
1011 3279 1128 3361 primus
1144 3281 1215 3348 lobi

417 3361 549 3445 Excepit
566 3359 674 3425 fratres
689 3359 806 3443 epulis,
819 3360 966 3444 carasque
981 3361 1112 3447 sorores,

206 3523 209 3530 Ι
301 3440 306 3457 '
416 3443 565 3527 Vinaque
579 3443 805 3527 libabantvlaati,
819 3444 974 3530 genioque
987 3446 1141 3514 favebant.

416 3525 506 3596 Ecce
521 3544 636 3608 autem,
655 3528 750 3590 celeri
764 3546 932 3596 accurrens
948 3531 1089 3598 velocius
1100 3531 1193 3596 Euro

418 3609 560 3678 Nuntius
577 3614 742 3696 exclamat,
761 3617 942 3696 populantes
951 3634 1023 3680 aava
1039 3614 1177 3696 Sabaeos,
1191 3628 1195 3634 '

417 3699 556 3765 Intentos
574 3694 719 3778 operique
736 3697 843 3782 boves,
860 3697 1016 3780 alitusque
1025 3698 1220 3780 perlucebant*

417 3779 597 3864 Pascentes,
613 3781 693 3843 caefis
704 3778 788 3847 ferro
807 3781 994 3862 custodibus,
1014 3797 1126 3846 omnes

417 3861 609 3950 Diripuiffe;
629 3863 703 3930 &se
719 3864 825 3930 solum
839 3863 988 3947 supereffe
1006 3861 1117 3948 furori,

418 3951 484 4036 Qui
501 3948 571 4032 Jobi
588 3962 705 4014 tautam
725 3948 850 4012 cladem
866 3948 1010 4031 perferret
1026 3947 1065 4014 ad
1081 3965 1187 4016 auter.-

415 4033 481 4103 Vir
496 4055 533 4108 ea
542 4032 626 4108 etus
641 4047 723 4118 crat,
732 4031 796 4103 scic
812 4030 892 4102 curu
905 4031 1032 4103 mutius
1047 4032 1124 4112 alter

1334 4103 1385 4176 ta·
1464 4190 1467 4197 .
