3117 4842
337 416 411 494 m
688 373 971 492 J⁰Bf

336 557 381 628 30
399 521 668 627 brentamerse
683 514 834 590 torserunt
850 525 916 594 offa
930 529 1050 612 calore,
1089 535 1114 620 ἶ
1194 546 1197 551 ’

452 611 616 696 AEtlnopas
633 610 752 675 fimulat
770 613 872 675 nostra
886 612 1004 694 perusta
1022 610 1119 683 euris:

176 718 178 728 ·
298 773 299 782 ἵ
340 725 378 794 31
400 697 503 771 Nunc
522 699 599 782 lyra,
618 711 700 759 nunc
718 691 835 760 celiant
849 697 987 764 numeris
998 695 1171 764 resonantia
1183 682 1304 768 blandii

453 783 592 872 Organa,
611 793 694 845 nunc
712 776 855 846 tacrinus·
867 781 974 848 omnia
990 783 1083 878 plena
1096 782 1188 851 nucia.
1285 859 1289 863 ,

599 1005 635 1088 c
693 1005 733 1090 a
788 994 833 1085 a
888 941 1060 1087 xnxu

404 1201 480 1358 O
502 1197 636 1347 quum
652 1208 782 1262 mecum
796 1197 986 1264 taciturnum
1001 1195 1108 1265 foedua
1128 1195 1218 1283 iniuip‘
1340 1217 1346 1224 ·

564 1303 581 1346 e

601 1282 750 1348 scaterent
764 1284 878 1346 oculos
894 1281 1019 1366 virginis
1035 1301 1092 1354 ora
1107 1285 1214 1350 meon!
1330 1311 1334 1318 ·

362 1363 477 1438 siloc
496 1364 550 1434 nist
565 1365 718 1446 fecissem,
738 1363 836 1448 superi
855 1364 1012 1449 Regnaor
1026 1367 1146 1450 olympi

454 1447 574 1518 Nonne
589 1451 675 1516 daret
691 1447 808 1516 meritis
823 1450 947 1531 pranua
962 1447 1056 1535 digna
1072 1449 1170 1515 meis?

363 1554 383 1623 3
401 1531 523 1604 Nonne
540 1533 759 1600 manetsubita
771 1532 903 1599 candos
918 1546 1003 1599 certa
1019 1535 1095 1597 bora
1109 1532 1217 1619 ruine,

454 1619 519 1702 Qui
533 1619 608 1682 dant
623 1617 766 1698 nequitia
785 1617 881 1680 libera
895 1614 983 1681 frena
998 1615 1081 1683 fuae?

363 1723 386 1788 4
404 1699 525 1769 Nonne
541 1701 644 1766 oeulis
663 1699 828 1766 Dominus
842 1699 968 1786 vestigia
983 1698 1082 1767 ceruit
1095 1700 1210 1794 acuns,

358 1837 360 1842 .
455 1783 585 1852 Affidud
636 1785 716 1851 effus
734 1783 971 1865 dinumeratque
987 1785 1096 1851 meos?

362 1889 385 1954 5
404 1867 438 1938 Si
455 1887 507 1934 me
523 1803 667 1934 mengci
685 1867 882 1950 resplendens
896 1867 998 1955 gloria
1010 1868 1091 1936 fuco

457 1953 561 2037 Cepit,
581 1955 612 2019 or
624 1952 783 2016 illecebris
797 1951 882 2018 fraus
899 1952 1056 2019 malesana
1071 1951 1155 2018 suis:

361 2039 387 2108 6
405 2037 468 2107 Me
483 2035 583 2103 modo
597 2039 666 2122 jam
681 2035 794 2101 trutinl
811 2036 923 2120 pendat
938 2034 1029 2103 Deua
1045 2036 1108 2121 ipse
1121 2031 1245 2120 severit
1340 2055 1344 2061 ’

460 2120 513 2188 Ut
528 2122 599 2186 vite
615 2119 769 2206 integritas
788 2121 823 2184 fit
838 2119 997 2186 manifesta
1012 2139 1100 2186 mee.
1367 2168 1371 2177 .
1478 2132 1479 2140 ’

365 2221 386 2290 7
406 2203 441 2274 si
456 2203 588 2270 dubium
602 2201 770 2269 furibunda
784 2203 898 2286 pedem
913 2204 1059 2276 violentia
1076 2203 1166 2271 traxit

459 2289 497 2356 In
514 2288 725 2374 labyrinthaeas
743 2289 773 2352 δι
793 2289 854 2353 fine
871 2291 940 2375 lege
955 2289 1039 2356 viasr

409 2371 445 2441 Si
459 2391 532 2438 mea
546 2387 634 2437 mens
653 2378 763 2436 luxum
781 2370 897 2436 blande
912 2373 1018 2438 dilexit
1034 2373 1176 2455 inertem,

459 2455 531 2522 sive
548 2469 658 2518 manus
676 2455 830 2516 scelerum
847 2455 918 2515 labe
933 2471 1039 2520 notata
1052 2454 1123 2519 fuit.

367 2537 388 2610 8
408 2529 495 2603 Arva
512 2531 610 2602 teram
625 2535 735 2617 rastris,
756 2533 810 2598 sed
825 2550 923 2599 arena
938 2536 1055 2602 semina
1070 2536 1222 2603 mandem
1227 2554 1242 2616 ;·

457 2619 622 2704 Opprimat
638 2619 825 2686 &sobolem
840 2620 921 2685 vasta
938 2620 1028 2686 ruina
1043 2635 1160 2688 meam.
1233 2673 1237 2680 .

367 2727 390 2793 9
409 2703 443 2774 sl
459 2723 512 2771 nte
527 2703 668 2769 feminea
684 2704 814 2787 pellexit
829 2703 1060 2790 gratiamne,
1084 2706 1088 2712 ’

461 2789 545 2854 Ante
560 2788 642 2854 fores
659 2789 736 2852 socii
753 2789 965 2871 procubuique
982 2790 1064 2857 mei:

351 2893 391 2944 10
412 2872 551 2940 Alterius
568 2873 721 2937 thalamos
738 2874 855 2955 conjux
870 2890 943 2935 mea
957 2876 1077 2954 repleat
1088 2873 1201 2952 orboa;¹

462 2955 577 3022 Currat
594 2957 625 3022 in
643 2956 767 3022 alterius
785 2958 826 3020 fic
841 2955 959 3021 uiolata
973 2971 1089 3020 totum.

350 3063 386 3112 11
406 3039 485 3116 flue
502 3040 604 3105 scelus
621 3040 809 3106 horrendum
827 3040 880 3121 est,
900 3040 1074 3120 meritoque
1089 3039 1239 3126 infligeret
1253 3041 1303 3110 illi

460 3123 596 3189 Horrida
612 3122 800 3205 supplicium
813 3123 930 3206 judicis
946 3124 991 3188 ira
1005 3125 1107 3190 snum.
1135 3141 1140 3150 ·

350 3229 389 3278 12
409 3207 484 3275 Hoc
504 3205 580 3270 mihi
595 3206 715 3271 divitias
732 3207 835 3272 subito
849 3227 974 3289 quoque
989 3223 1120 3274 uerteret
1135 3223 1246 3272 omnes
1274 3210 1282 3220 “
1343 3235 1348 3242 ·

460 3290 662 3374 lntcinetem⁴
680 3289 795 3356 AEtnai
812 3290 920 3357 savias
938 3293 1009 3379 igne
1025 3293 1102 3378 rogi.

263 3437 269 3446 .
349 3397 388 3466 13
409 3371 489 3442 Non
505 3395 564 3462 ego
578 3375 699 3460 despexi
714 3374 872 3441 famulum
888 3375 1079 3443 famulumve
1096 3389 1282 3443 monentem

461 3460 577 3540 Reno
597 3460 673 3525 mihi
690 3477 764 3526 nam
781 3461 820 3524 src
837 3460 899 3544 ipse
917 3465 1043 3527 locutus
1059 3479 1161 3529 eram:

352 3563 393 3630 14
409 3541 499 3628 Quid
515 3544 665 3629 facerem,
682 3547 702 3610 fi
718 3546 786 3630 jam
801 3545 905 3611 subito
919 3563 1024 3610 rerum
1040 3546 1150 3611 arbiter
1166 3563 1275 3628 aquus
1341 3573 1347 3580 ·

285 3659 287 3666 π
463 3624 599 3714 Cogeret
614 3645 684 3692 ante
699 3631 791 3694 sunm
807 3627 889 3694 fortb
905 3630 1008 3693 venite
1023 3630 1190 3696 thronum?

351 3732 392 3795 15
413 3709 493 3788 Una
509 3727 621 3775 manus
637 3715 770 3776 tremula
787 3713 875 3776 finxit
889 3732 949 3778 nos
964 3711 1070 3776 matris
1087 3712 1120 3778 in
1136 3717 1221 3802 alvo,
1249 3713 1284 3776 ”1

464 3794 570 3876 Atque
586 3793 723 3856 animam
740 3795 830 3858 nobis
848 3794 958 3860 indidit
975 3815 1037 3861 una
1054 3813 1177 3864 manns.

350 3877 395 3952 16
409 3875 494 3950 Non
504 3881 568 3965 'ego
584 3880 703 3964 largam
717 3877 802 3960 inopi
818 3876 957 3944 dextram
972 3883 1104 3963 prebere
1118 3881 1230 3971 refugi,
1337 3911 1346 3923 ·

462 3963 528 4050 Qui
542 3961 677 4034 nostram
689 3959 801 4032 misera
818 3966 1168 4052 rocepetebatopem.
1253 4043 1340 4122 Non
